@article{weiland2020structural,
author = {J Weiland and DF Hesser and W Xiong and A Schiebahn and B Markert and U Reisgen},
title ={Structural health monitoring of an adhesively bonded CFRP aircraft fuselage by ultrasonic Lamb Waves},
journal = {Proc. Inst. Mech. Eng., Part G: J. Aerosp. Eng.},
volume = {234},
number = {13},
pages = {2000-2010},
year = {2020},
doi = {10.1177/0954410020950511},
}
OPTURL = {https://doi.org/10.1177/0954410020950511}

@article{momber2022prescriptive,
author = {Andreas W Momber and Torben Möller and Daniel Langenkämper and Tim W Nattkemper and Daniel Brün},
title ={A {D}igital {T}win concept for the prescriptive maintenance of protective coating systems on wind turbine structures},
journal = {Wind Eng.},
volume = {46},
number = {3},
pages = {949-971},
year = {2022},
doi = {10.1177/0309524X211060550}
}


@inproceedings{johansen2019cbm,
  title={On digital twin condition monitoring approach for drivetrains in marine applications},
  author={Johansen, Sigrid S and Nejad, Amir R},
  booktitle={International Conference on Offshore Mechanics and Arctic Engineering},
  volume={58899},
  pages={V010T09A013},
  year={2019},
  organization={American Society of Mechanical Engineers}
}

@article{moi2020cbm,
title = {Digital twin based condition monitoring of a knuckle boom crane: {A}n experimental study},
journal = {Engineering Failure Analysis},
volume = {112},
pages = {104517},
year = {2020},
issn = {1350-6307},
doi = {10.1016/j.engfailanal.2020.104517},

author = {Torbjørn Moi and Andrej Cibicik and Terje Rølvåg},
keywords = {Cranes, Fatigue data, Finite element analysis, Load history, Strain gauging},
}

@article{padovano2021prescriptive,
title = {A prescriptive maintenance system for intelligent production planning and control in a smart cyber-physical production line},
journal = {Procedia CIRP},
volume = {104},
pages = {1819-1824},
year = {2021},
note = {54th CIRP CMS 2021},
issn = {2212-8271},
doi = {https://doi.org/10.1016/j.procir.2021.11.307},
author = {Antonio Padovano and Francesco Longo and Letizia Nicoletti and Lucia Gazzaneo and Alessandro Chiurco and Simone Talarico},
keywords = {Prescriptive Maintenance, Smart Factory, Industry 4.0, Production Planning & Scheduling, Cyber-Physical Production Systems, Digital Twin}
}

@article{lorente2022prescriptive,
author = {Lorente, Quentin and Villeneuve, Eric and Merlo, Christophe and Boy, Guy André and Thermy, François},
title = {Development of a digital twin for collaborative decision-making, based on a multi-agent system: application to prescriptive maintenance},
journal = {INCOSE Int. Symp.},
volume = {32},
number = {S1},
pages = {109-117},
keywords = {Digital twin, decision-support system, maintenance, multi-agent system},
doi = {https://doi.org/10.1002/iis2.12875},
year = {2022}
}



@article{yiwei2019model,
title = {A model-based prognostics method for fatigue crack growth in fuselage panels},
journal = {Chin. J. Aeronaut.},
volume = {32},
number = {2},
pages = {396-408},
year = {2019},
doi = {10.1016/j.cja.2018.11.010},
author = {Yiwei Wang and Christian Gogu and Nicolas Binaud and Christian Bes and Jian Fu},
}
issn = {1000-9361},
OPTURL = {https://www.sciencedirect.com/science/article/pii/S100093611930038X},
keywords = {Aircraft fuselage panels, Extended Kalman filter, Fatigue crack propagation, Linearization method, Model-based prognostics}

@article{yang2023cv, 
title={Computer Vision Technology for Monitoring of Indoor and Outdoor Environments and {HVAC} Equipment: A Review}, 
volume={23}, 
DOI={10.3390/s23136186}, 
number={13}, 
journal={Sens.}, 
author={Yang, Bin and Yang, Shuang and Zhu, Xin and Qi, Min and Li, He and Lv, Zhihan and Cheng, Xiaogang and Wang, Faming}, 
year={2023}, 
pages={6186} 
}
ISSN={1424-8220}, 
OPTURL={http://dx.doi.org/10.3390/s23136186}, 
month={Jul}, 
publisher={MDPI AG}, 

@inproceedings{fritzson2021openmodelica,
  title={The {O}pen{M}odelica environment for building digital twins of sustainable cyber-physical systems},
  author={Fritzson, Peter},
  booktitle={2021 Winter Simul. Conf.},
  pages={1--12},
  year={2021},
  organization={IEEE},
  doi = {10.1109/WSC52266.2021.9715443}
}

@article{aivaliotis2019methodology,
title = {Methodology for enabling digital twin using advanced physics-based modelling in predictive maintenance},
journal = {Procedia CIRP},
volume = {81},
pages = {417-422},
year = {2019},
doi = {10.1016/j.procir.2019.03.072},
author = {P. Aivaliotis and K. Georgoulias and Z. Arkouli and S. Makris},
}
OPTURL = {https://www.sciencedirect.com/science/article/pii/S2212827119303774},
issn = {2212-8271},
keywords = {Digital Twin, physics-based modelling, predictive maintenance}
note = {52nd CIRP Conference on Manufacturing Systems (CMS), Ljubljana, Slovenia, June 12-14, 2019},

@article{fang2022fatigue,
  title={Fatigue crack growth prediction method for offshore platform based on digital twin},
  author={Fang, Xin and Wang, Honghui and Li, Wenjing and Liu, Guijie and Cai, Baoping},
  journal={Ocean Eng.},
  volume={244},
  pages={110320},
  year={2022},
  publisher={Elsevier},
  doi = {10.1016/j.oceaneng.2021.110320}
}
  

@article{wang2018predictive,
author = {Yiwei Wang and Christian Gogu and Nicolas Binaud and Christian Bes and Raphael T Haftka and Nam-Ho Kim},
title ={Predictive airframe maintenance strategies using model-based prognostics},
journal = {Proc. Inst. Mech. Eng., Part O: J. Risk Reliab.},
volume = {232},
number = {6},
pages = {690-709},
year = {2018},
doi = {10.1177/1748006X18757084},
}

@InProceedings{bernard2016context,
author="Schmidt, Bernard
and Galar, Diego
and Wang, Lihui",
editor="Kumar, Uday
and Ahmadi, Alireza
and Verma, Ajit Kumar
and Varde, Prabhakar",
title="Context {A}wareness in {P}redictive {M}aintenance",
booktitle="Current Trends in Reliability, Availability, Maintainability and Safety",
year="2016",
publisher="Springer Int. Publ.",
pages="197--211",
isbn="978-3-319-23597-4"
}

@article{EFTHYMIOU2012221,
title = {On a Predictive Maintenance Platform for Production Systems},
journal = {Procedia CIRP},
volume = {3},
pages = {221-226},
year = {2012},
issn = {2212-8271},
doi = {https://doi.org/10.1016/j.procir.2012.07.039},
OPTURL = {https://www.sciencedirect.com/science/article/pii/S2212827112002119},
author = {K. Efthymiou and N. Papakostas and D. Mourtzis and G. Chryssolouris},
keywords = {Predictive Maintenance, Prognostics, Knowledge Management}
}
note = {45th CIRP Conference on Manufacturing Systems 2012},

@inproceedings{shukla2020opportunities,
  title={Opportunities for {E}xplainable {A}rtificial {I}ntelligence in {A}erospace {P}redictive {M}aintenance},
  author={Shukla, Bibhudhendu and Fan, Ip-Shing and Jennions, Ian},
  booktitle={Progn. Health Manage. Soci. Eur. Conf.},
  volume={5},
  number={1},
  pages={1--11},
  year={2020},
  doi = {10.36001/phme.2020.v5i1.1231}
}
@article{Giannakeas2022Structure,
author = {Giannakeas, Ilias and Sharif Khodaei, Zahra and Aliabadi, M.H.},
year = {2022},
month = {2},
pages = {1771},
title = {Structural Health Monitoring Cost Estimation of a Piezosensorized Aircraft Fuselage},
volume = {22},
journal = {Sensors},
doi = {10.3390/s22051771}
}

@ARTICLE{zhang2023rul,
  author={Zhang, Jiusi and Huang, Congsheng and Chow, Mo-Yuen and Li, Xiang and Tian, Jilun and Luo, Hao and Yin, Shen},
  journal={IEEE Trans. Ind. Inf.}, 
  title={A {D}ata-model {I}nteractive {R}emaining {U}seful {L}ife {P}rediction {A}pproach of {L}ithium-ion {B}atteries {B}ased on {PF-BiGRU-TSAM}}, 
  year={2023},
  volume={},
  number={},
  pages={1-11},
  doi={10.1109/TII.2023.3266403}}



@article{wen2022recent,
title = {Recent advances and trends of predictive maintenance from data-driven machine prognostics perspective},
journal = {Meas.},
volume = {187},
pages = {110276},
year = {2022},
doi = {10.1016/j.measurement.2021.110276},
author = {Yuxin Wen and Md. {Fashiar Rahman} and Honglun Xu and Tzu-Liang Bill Tseng},
}
issn = {0263-2241},
keywords = {Machine prognostics, Predictive maintenance, Condition-based maintenance, Machine learning, Prognostics and health management, Remaining useful life}
OPTURL = {https://www.sciencedirect.com/science/article/pii/S0263224121011805},

@misc{essay75381,
           month = {July},
            year = {2018},
           title = {Automated Failure Diagnosis in Aviation Maintenance Using eXplainable Artificial Intelligence ({XAI})},
          author = {S.G. ten {Zeldam}}
}


@article{qian2022privacy, 
title={Digital {T}win—{C}yber {R}eplica of {P}hysical {T}hings: {A}rchitecture, {A}pplications and {F}uture {R}esearch {D}irections}, 
volume={14},
DOI={10.3390/fi14020064}, 
number={2}, 
journal={Future Internet}, 
author={Qian, Cheng and Liu, Xing and Ripley, Colin and Qian, Mian and Liang, Fan and Yu, Wei}, 
year={2022}, 
pages={64} 
}
OPTURL={http://dx.doi.org/10.3390/fi14020064},
publisher={MDPI AG}, 
ISSN={1999-5903}, 
month={Feb}, 


@STANDARD{ISO13374,
  author = {},
  title = {Condition monitoring and diagnostics of machine systems — Data processing, communication and presentation},
  type = {ISO},
  number = {13374:2003(E)},
  year = {2003},
  institution = {International Organization for Standardization}
}

@STANDARD{ISO23247,
  author = {{International Organization for Standardization}},
  title = {Automation systems and integration — Digital twin framework for manufacturing},
  type = {ISO},
  number = {23247:2021(E)},
  year = {2021}
}

@STANDARD{NIST8356,
  author = {{National Institute of Standards and Technology}},
  title = {Considerations for Digital Twin Technology and Emerging Standards},
  type = {NIST},
  number = {8356:2021(E)},
  year = {2021}
}

@STANDARD{IETF,
  author = {{Internet Research Task Force}},
  title = {Digital {T}win {N}etwork: Concepts and {R}eference {A}rchitecture},
  type = {},
  number = {draft-irtf-nmrg-network-digital-twin-arch-03},
  year = {2023}
}

@STANDARD{IIC,
  author = {Harper, K Eric and Malakuti, Somayeh and Ganz, Christopher},
  title = {Digital {T}win {A}rchitecture and {S}tandards},
  type = {},
  number = {},
  year = {2019},
  institution = {Industry IoT Consortium}
}


@article{stojanovic2018towards,
  title={Towards the generation of digital twins for facility management based on 3{D} point clouds},
  author={Stojanovic, Vladeta and Trapp, Matthias and Richter, Rico and Hagedorn, Benjamin and D{\"o}llner, J{\"u}rgen},
  journal={Manage.},
  volume={270},
  pages={279},
  year={2018}
}

@article{moshrefzadeh2020towards,
  title={Towards a distributed digital twin of the agricultural landscape},
  author={Moshrefzadeh, Mandana and Machl, Thomas and Gackstetter, David and Donaubauer, Andreas and Kolbe, Thomas H},
  journal={J. Digit. Landsc. Archit},
  volume={5},
  pages={173--186},
  year={2020}
}

@STANDARD{IEEE-P1856,
  author = {Institute of Electrical and Electronics Engineers},
  title = {Standard Framework for Prognostics and Health Management of Electronic Systems},
  type = {IEEE},
  number = {P1856},
  year = {2016}
}

@STANDARD{IEC62890,
  author = {International Electrotechnical Commission},
  title = {Industrial-process measurement, control and automation - Life-cycle-management for systems and components},
  type = {IEC},
  number = {62890},
  year = {2020}
}

@STANDARD{GB/T,
  author = {Standardization Administration of China},
  title = {Condition monitoring and diagnostics of machines—Data processing, communication and presentation},
  type = {GB/T},
  number = {25742-2013},
  year = {2013}
}

@STANDARD{OSACBM,
  author = {},
  title = {Open System Architecture for Condition-Based Maintenance},
  type = {},
  number = {},
  year = {2006},
  institution = {Machinery Information Management Open Systems Alliance}
}



@article{stanton2023pmx,
author = {Stanton, Izaak and Munir, Kamran and Ikram, Ahsan and El-Bakry, Murad},
title = {Predictive maintenance analytics and implementation for aircraft: Challenges and opportunities},
journal = {Syst. Eng.},
volume = {26},
number = {2},
pages = {216-237},
doi = {10.1002/sys.21651},
year = {2023}
}
keywords = {aircraft maintenance, Big Data analytics, deep learning, machine learning, predictive maintenance},

@article{katipamula2005i,
author = { Srinivas   Katipamula  and  Michael R.   Brambley },
title = {Review Article: Methods for Fault Detection, Diagnostics, and Prognostics for Building Systems—A Review, Part I},
journal = {HVAC\&R Research},
volume = {11},
number = {1},
pages = {3-25},
year  = {2005},
publisher = {Taylor & Francis},
doi = {10.1080/10789669.2005.10391123},
}

@article{katipamula2005ii,
author = { Srinivas   Katipamula  and  Michael R.   Brambley },
title = {Review Article: Methods for Fault Detection, Diagnostics, and Prognostics for Building Systems—A Review, Part II},
journal = {HVAC\&R Research},
volume = {11},
number = {2},
pages = {169-187},
year  = {2005},
publisher = {Taylor & Francis},
doi = {10.1080/10789669.2005.10391133},
}

@article{HAN2019540,
title = {Least squares support vector machine ({LS-SVM})-based chiller fault diagnosis using fault indicative features},
journal = {Appl. Therm. Eng.},
volume = {154},
pages = {540-547},
year = {2019},
doi = {https://doi.org/10.1016/j.applthermaleng.2019.03.111},
author = {Hua Han and Xiaoyu Cui and Yuqiang Fan and Hong Qing},
}
issn = {1359-4311},
OPTURL = {https://www.sciencedirect.com/science/article/pii/S1359431118337992},
keywords = {Fault detection and diagnosis, Least squares support vector machine, Optimization, Chiller, Refrigeration}

@article{almobarek2022pmx, 
title={Fault Types and Frequencies in Predictive Maintenance 4.0 for Chilled Water System at Commercial Buildings: An Industry Survey}, 
volume={12}, 
number={11}, 
journal={Buildings}, 
author={Almobarek, Malek and Mendibil, Kepa and Alrashdan, Abdalla and Mejjaouli, Sobhi}, 
year={2022},  
pages={1995} 
}
month={Nov},
publisher={MDPI AG}, 
OPTURL={http://dx.doi.org/10.3390/buildings12111995}, DOI={10.3390/buildings12111995},
ISSN={2075-5309},  

@article{candelieri2013assessing,
  title={Assessing structural health of helicopter fuselage panels through artificial neural networks hierarchies},
  author={Candelieri, Antonio and Sormani, Raul and Arosio, Gaia and Giordani, Ilaria and Archetti, Francesco},
  journal={International journal of reliability and safety},
  volume={7},
  number={3},
  pages={216--234},
  year={2013},
}
publisher={Inderscience Publishers Ltd}

@phdthesis{yiwei2017thesis,
author = {Wang, Yiwei},
year = {2017},
month = {03},
title = {Development of predictive structural maintenance strategies for aircraft using model-based prognostics}
}


@article{verhagen2018predictive,
title = {Predictive maintenance for aircraft components using proportional hazard models},
journal = {J. Ind. Inf. Integr.},
volume = {12},
pages = {23-30},
year = {2018},
doi = {10.1016/j.jii.2018.04.004},
author = {Wim J.C. Verhagen and Lennaert W.M. {De Boer}},
}
issn = {2452-414X},
OPTURL = {https://www.sciencedirect.com/science/article/pii/S2452414X17300845},
keywords = {Predictive maintenance, Unscheduled maintenance, Proportional hazard model}

@article{dangut2022rare,
  title={A rare failure detection model for aircraft predictive maintenance using a deep hybrid learning approach},
  author={Dangut, Maren David and Jennions, Ian K and King, Steve and Skaf, Zakwan},
  journal={Neural Computing and Applications},
  pages={1--19},
  year={2022},
  doi = {10.1007/s00521-022-07167-8}
}
publisher={Springer},


@article{zeng2021prognosis,
doi = {10.1088/1361-665X/ac1e64},
year = {2021},
volume = {30},
number = {10},
pages = {105025},
author = {Xianping Zeng and Xiao Liu and Hu Sun and Xinlin Qing},
title = {Prognosis of fatigue cracks in an aircraft wing using an adaptive tunable network and guided wave based structural health monitoring},
journal = {Smart Mater. Struct.}
}
month = {sep},
publisher = {IOP Publishing},
OPTURL = {https://dx.doi.org/10.1088/1361-665X/ac1e64},


@techreport{tuegel2022evaluation,
  title={Evaluation of Prognostic and Probabilistic Individual Aircraft Tracking ({P2IAT}): Volume 2-Experimental Loading Sequences},
  author={Tuegel, Eric J},
  year={2022},
  institution={Air Force Research Laboratory}
}

@ARTICLE{yousuf2017prognostic,
  author={Yousuf, Waleed Bin and Khan, Tariq and Ali, Taha},
  journal={IEEE Trans. Reliab.}, 
  title={Prognostic Algorithms for Flaw Growth Prediction in an Aircraft Wing}, 
  year={2017},
  volume={66},
  number={2},
  pages={478-486},
  doi={10.1109/TR.2017.2676722}}


@techreport{haarman2017predictive,
  title={Predictive maintenance 4.0: Predict the unpredictable},
  author={Haarman, Mark and Mulders, Michel and Vassiliadis, Costas},
  journal={PwC and Mainnovation},
  volume={4},
  year={2017},
  institution= {PwC Belgium}
}

@article{hongxian2022analysis,
  title={Analysis on Vibroacoustic Fatigue Life of Empennage in a Hypersonic Vehicle},
  author={Hongxian, Wang and Ming, Zhang and Hong, Nie},
  journal={Mathematical Problems in Engineering},
  volume={2022},
  year={2022},
  doi = {10.1155/2022/7027528}
}
publisher={Hindawi},

@article{montel2016validation,
  title={Validation of a nonlinear observer implementation for empennage loads estimation},
  author={Montel, Mike and Thielecke, Frank},
  journal={CEAS Aeronaut. J.},
  volume={7},
  number={2},
  pages={299--313},
  year={2016},
  doi = {10.1007/s13272-016-0190-7}
}
publisher={Springer},

@article{baptista2018forecasting,
title = {Forecasting fault events for predictive maintenance using data-driven techniques and {ARMA} modeling},
journal = {Computers \& Industrial Engineering},
volume = {115},
pages = {41-53},
year = {2018},
doi = {10.1016/j.cie.2017.10.033},
author = {Marcia Baptista and Shankar Sankararaman and Ivo. P. {de Medeiros} and Cairo Nascimento and Helmut Prendinger and Elsa M.P. Henriques},
}
issn = {0360-8352},
OPTURL = {https://www.sciencedirect.com/science/article/pii/S036083521730520X},
keywords = {Real case study, Aircraft prognostics, Predictive maintenance, Data-driven techniques, ARMA modeling, Life usage modeling}

@article{VERMA20061342,
title = {Gas turbine diagnostics using a soft computing approach},
journal = {Appl. Math. Comput.},
volume = {172},
number = {2},
pages = {1342-1363},
year = {2006},
issn = {0096-3003},
doi = {https://doi.org/10.1016/j.amc.2005.02.057},
author = {Rajeev Verma and Niranjan Roy and Ranjan Ganguli},
}
note = {Special issue for The Beijing-HK Scientific Computing Meetings},
keywords = {Soft computing, Fuzzy logic system (FLS), Genetic algorithm (GA), Genetic fuzzy system (GFS), Radial basis function neural network (RBFNN), Diagnostics}
OPTURL = {https://www.sciencedirect.com/science/article/pii/S0096300305002961},

@article{KO2022116094,
title = {A new auto-encoder-based dynamic threshold to reduce false alarm rate for anomaly detection of steam turbines},
journal = {Expert Syst. Appl.},
volume = {189},
pages = {116094},
year = {2022},
doi = {https://doi.org/10.1016/j.eswa.2021.116094},
author = {Jin Uk Ko and Kyumin Na and Joon-Seok Oh and Jaedong Kim and Byeng D. Youn},
}
issn = {0957-4174},
keywords = {Anomaly detection, Deep learning, Ensemble denoising auto-encoder, Dynamic threshold, Steam turbine}
OPTURL = {https://www.sciencedirect.com/science/article/pii/S0957417421014287},

@article{kamat2020anomaly,
	author = {{Kamat, Pooja} and {Sugandhi, Rekha}},
	title = {Anomaly {D}etection for {P}redictive {M}aintenance in {I}ndustry 4.0- {A} survey},
	DOI= "10.1051/e3sconf/202017002007",
	journal = {E3S Web Conf.},
	year = 2020,
	volume = 170,
	pages = "02007",
}

@article{li2023twin,
title = {Digital twin-based job shop anomaly detection and dynamic scheduling},
journal = {Rob. Comput. Integr. Manuf.},
volume = {79},
pages = {102443},
year = {2023},
issn = {0736-5845},
doi = {https://doi.org/10.1016/j.rcim.2022.102443},
author = {Yibing Li and Zhiyu Tao and Lei Wang and Baigang Du and Jun Guo and Shibao Pang},
keywords = {Digital twin (DT), Multi-level production process monitoring model, Real-time scheduling optimization strategy, Rolling window mechanism, Grey wolf optimization algorithm},
}


@inproceedings{behera2019ensemble,
author = {Behera, Sourajit and Choubey, Anurag and Kanani, Chandresh S and Patel, Yashwant Singh and Misra, Rajiv and Sillitti, Alberto},
title = {Ensemble trees learning based improved predictive maintenance using {IIoT} for turbofan engines},
year = {2019},
doi = {10.1145/3297280.3297363},
booktitle = {Proceedings of the 34th ACM/SIGAPP Symposium on Applied Computing},
pages = {842–850},
numpages = {9},
location = {Limassol, Cyprus},
}
OPTURL = {https://doi.org/10.1145/3297280.3297363},
keywords = {remaining useful life (RUL), predictive maintenance, gradient boosted trees (GBTs), random forest, ensemble, turbofan engine},
series = {SAC '19}
isbn = {9781450359337},
publisher = {ACM},

@article{xiong2021digital,
  title={Digital twin--driven aero-engine intelligent predictive maintenance},
  author={Xiong, Minglan and Wang, Huawei and Fu, Qiang and Xu, Yi},
  journal={Int. J. Adv. Manuf. Technol.},
  volume={114},
  number={11},
  pages={3751--3761},
  year={2021},
  doi = {10.1007/s00170-021-06976-w}
}
publisher={Springer},

@article{de2022alarm,
title = {Alarm-based predictive maintenance scheduling for aircraft engines with imperfect Remaining Useful Life prognostics},
journal = {Reliab. Eng. Syst. Saf.},
volume = {221},
pages = {108341},
year = {2022},
doi = {10.1016/j.ress.2022.108341},
author = {Ingeborg {de Pater} and Arthur Reijns and Mihaela Mitici},
}
OPTURL = {https://www.sciencedirect.com/science/article/pii/S0951832022000175},
keywords = {Predictive maintenance planning, RUL prognostics, Aircraft maintenance, Turbofan engines, Fleet of aircraft}
issn = {0951-8320},

@Article{muneer2021deep,
AUTHOR = {Muneer, Amgad and Taib, Shakirah Mohd and Fati, Suliman Mohamed and Alhussian, Hitham},
TITLE = {Deep-Learning Based Prognosis Approach for Remaining Useful Life Prediction of Turbofan Engine},
JOURNAL = {Symmetry},
VOLUME = {13},
YEAR = {2021},
NUMBER = {10},
DOI = {10.3390/sym13101861}
}
ARTICLE-NUMBER = {1861},
OPTURL = {https://www.mdpi.com/2073-8994/13/10/1861},
ISSN = {2073-8994},

@article{ritto2021digital,
  title={Digital twin, physics-based model, and machine learning applied to damage detection in structures},
  author={Ritto, TG and Rochinha, FA},
  journal={Mech. Syst. Signal Process.},
  volume={155},
  pages={107614},
  year={2021},
  publisher={Elsevier},
  doi = {10.1016/j.ymssp.2021.107614}
}


@inproceedings{bolander2009physics,
  title={Physics-based remaining useful life prediction for aircraft engine bearing prognosis},
  author={Bolander, Nathan and Qiu, Hai and Eklund, Neil and Hindle, Ed and Rosenfeld, Taylor},
  booktitle={Annual Conference of the PHM Society},
  volume={1},
  number={1},
  year={2009}
}
@inproceedings{gilpin2018explaining,
  title={Explaining {E}xplanations: {A}n {O}verview of {I}nterpretability of {M}achine {L}earning},
  author={Gilpin, Leilani H and Bau, David and Yuan, Ben Z and Bajwa, Ayesha and Specter, Michael and Kagal, Lalana},
  booktitle={2018 IEEE 5th Int. Conf. Data Sci. Adv. Anal.},
  pages={80--89},
  year={2018},
  organization={IEEE},
  doi = {10.1109/DSAA.2018.00018}

}

@inproceedings{gerhardinger2020fatigue,
  title={Fatigue Life Prognosis of a Light Aircraft Landing Gear Leg},
  author={Gerhardinger, David and Domitrovi{\'c}, Anita and Bazijanac, Ernest},
  booktitle={Annual Conference of the PHM Society},
  volume={12},
  number={1},
  pages={9--9},
  year={2020}
}

@article{chen2015multiple,
  title={Multiple failure prognosis of landing gear retraction/extension system based on H∞ filtering},
  author={Chen, Jie and Ma, Cunbao and Song, Dong},
  journal={Proceedings of the Institution of Mechanical Engineers, Part G: Journal of Aerospace Engineering},
  volume={229},
  number={8},
  pages={1543--1555},
  year={2015},
}
publisher={SAGE Publications Sage UK: London, England}

@article{hsu2022predicting,
  title={Predicting the Remaining Useful Life of Landing Gear with Prognostics and Health Management (PHM)},
  author={Hsu, Tzu-Hsuan and Chang, Yuan-Jen and Hsu, He-Kai and Chen, Tsung-Ti and Hwang, Po-Wen},
  journal={Aerospace},
  volume={9},
  number={8},
  pages={462},
  year={2022},
}

@inproceedings{liu2017fault,
  author={Liu, Kuijian and Feng, Yunwen and Xue, Xiaofeng},
  booktitle={2017 Int. Conf. Sens. Diagn. Progn. Control}, 
  title={Fault Diagnosis and Health Assessment of Landing Gear Hydraulic Retraction System Based on Multi-source Information Feature Fusion}, 
  year={2017},
  pages={321-327},
  doi={10.1109/SDPC.2017.68}}


@article{gong2022data,
  title={Data-enabled physics-informed machine learning for reduced-order modeling digital twin: application to nuclear reactor physics},
  author={Gong, Helin and Cheng, Sibo and Chen, Zhang and Li, Qing},
  journal={Nucl. Sci. Eng.},
  volume={196},
  number={6},
  pages={668--693},
  year={2022},
  doi = {10.1080/00295639.2021.2014752},
  publisher={Taylor \& Francis}
}


@article{mohajan2021third,
  title={Third Industrial Revolution Brings Global Development},
  author={Mohajan, Haradhan},
  journal={Journal of Social Sciences and Humanities},
  volume = {7},
  number = {4},
  pages = {239-251},
  year={2021}
}

@ARTICLE{xu2019twin,
  author={Xu, Yan and Sun, Yanming and Liu, Xiaolong and Zheng, Yonghua},
  journal={IEEE Access}, 
  title={{A Digital-Twin-Assisted Fault Diagnosis Using Deep Transfer Learning}}, 
  year={2019},
  volume={7},
  number={},
  pages={19990-19999},
  doi={10.1109/ACCESS.2018.2890566}}


@article{russmann2015industry,
  title={Industry 4.0: The future of productivity and growth in manufacturing industries},
  author={R{\"u}{\ss}mann, Michael and Lorenz, Markus and Gerbert, Philipp and Waldner, Manuela and Justus, Jan and Engel, Pascal and Harnisch, Michael},
  journal={Boston consulting group},
  volume={9},
  number={1},
  pages={54--89},
  year={2015},
}
publisher={Boston, MA, USA:}

@article{jiang2021earth,
  title={Digital Twin Earth--Coasts: Developing a fast and physics-informed surrogate model for coastal floods via neural operators},
  author={Jiang, Peishi and Meinert, Nis and Jord{\~a}o, Helga and Weisser, Constantin and Holgate, Simon and Lavin, Alexander and L{\"u}tjens, Bj{\"o}rn and Newman, Dava and Wainwright, Haruko and Walker, Catherine and others},
  year={arXiv:2110.07100, 2021}
}

@article{lasi2014industry,
  title={Industry 4.0},
  author={Lasi, Heiner and Fettke, Peter and Kemper, Hans-Georg and Feld, Thomas and Hoffmann, Michael},
  journal={Business \& information systems engineering},
  volume={6},
  number={4},
  pages={239--242},
  year={2014},
}
publisher={Springer}

@inproceedings{heim2020aircraft,
  author={Heim, Sam and Clemens, Jason and Steck, James E. and Basic, Christopher and Timmons, David and Zwiener, Kourtney},
  booktitle={2020 IEEE Int. Conf. Big Data}, 
  title={Predictive {M}aintenance on {A}ircraft and {A}pplications with {D}igital {T}win}, 
  year={2020},
  volume={},
  number={},
  pages={4122-4127},
  doi={10.1109/BigData50022.2020.9378433}}



@Article{sepe2021physics,
journal="J. Global Power Propul. Soc.",
year="2021",
title="{A physics-informed machine learning framework for predictive maintenance applied to turbomachinery assets}",
author="Sepe, Marzia
and Graziano, Antonino
and Badora, Maciej
and Di Stazio, Alessandro
and Bellani, Luca
and Compare, Michele
and Zio, Enrico",
pages="1-15",
doi="10.33737/jgpps/134845",
}
OPTURL="https://doi.org/10.33737/jgpps/134845"
number="May",

@article{deebak2022twin,
author = {Deebak, B. D. and Al-Turjman, Fadi},
title = {Digital-twin assisted: Fault diagnosis using deep transfer learning for machining tool condition},
journal = {Int. J. Intell. Syst.},
volume = {37},
number = {12},
pages = {10289-10316},
doi = {10.1002/int.22493},
year = {2022}
}
OPTURL = {https://onlinelibrary.wiley.com/doi/abs/10.1002/int.22493},
keywords = {deep transfer learning, digital twin, fault diagnosis, intelligent wireless monitoring, machinery process},

@ARTICLE{shah1988functional,
   author = {Jami J. Shah and Mary T. Rogers},
   title = {Functional requirements and conceptual design of the Feature-Based Modelling System},
   journal = {Comput.-Aided Eng. J.},
   issue = {1},   
   volume = {5},
   year = {1988},
   pages = {9-15(6)},
}
month = {February},
keywords = {artificial intelligence;feature mapping shell;solid modelling shell;geometric modelling;engineering graphics;FBMS;expert systems;data structures;CAD;product definition;feature-based modelling system;conceptual design;functional requirements;},
   ISSN = {0263-9327},
   language = {English},
   publisher ={},
   copyright = {© The Institution of Electrical Engineers},
   OPTURL = {https://digital-library.theiet.org/content/journals/10.1049/cae.1988.0004}

@article{ye2020digital,
title = {Digital twin for the structural health management of reusable spacecraft: A case study},
journal = {Eng. Fract. Mech.},
volume = {234},
pages = {107076},
year = {2020},
doi = {https://doi.org/10.1016/j.engfracmech.2020.107076},
author = {Yumei Ye and Qiang Yang and Fan Yang and Yanyan Huo and Songhe Meng},
}
keywords = {Digital twin, Reusable spacecraft, Fatigue crack growth, Dynamic Bayesian network, Manufactured solutions}
issn = {0013-7944},
OPTURL = {https://www.sciencedirect.com/science/article/pii/S0013794419315759},

##########################
##Proceeding with Editor##
##########################
@InProceedings{sommerville2009deriving,
author="Sommerville, Ian
and Lock, Russell
and Storer, Tim
and Dobson, John",
editor="van Eck, Pascal
and Gordijn, Jaap
and Wieringa, Roel",
title="Deriving {I}nformation {R}equirements from {R}esponsibility {M}odels",
booktitle="Adv. Inf. Syst. Eng.",
year="2009",
pages="515--529",
doi = "10.1007/978-3-642-02144-2\_40"
}
isbn="978-3-642-02144-2",
##########################
##Proceeding with Editor##
##########################

@article{khan2022digital,
  title={Digital-twin-enabled 6G: Vision, architectural trends, and future directions},
  author={Khan, Latif U and Saad, Walid and Niyato, Dusit and Han, Zhu and Hong, Choong Seon},
  journal={IEEE Communications Magazine},
  volume={60},
  number={1},
  pages={74--80},
  year={2022},
  publisher={IEEE}
}

@misc{nascimento2019fleet,
      title={Fleet {P}rognosis with {P}hysics-informed {R}ecurrent {N}eural {N}etworks}, 
      author={Renato Giorgiani Nascimento and Felipe A. C. Viana},
      year={2019},
      doi = {10.48550/arXiv.1901.05512}
}

@article{schleich2017shaping,
  title={Shaping the digital twin for design and production engineering},
  author={Schleich, Benjamin and Anwer, Nabil and Mathieu, Luc and Wartzack, Sandro},
  journal={CIRP annals},
  volume={66},
  number={1},
  pages={141--144},
  year={2017},
}
publisher={Elsevier}

@article{TAO2018169,
title = {Digital twin driven prognostics and health management for complex equipment},
journal = {CIRP Ann.},
volume = {67},
number = {1},
pages = {169-172},
year = {2018},
doi = {10.1016/j.cirp.2018.04.055},
author = {Fei Tao and Meng Zhang and Yushan Liu and A.Y.C. Nee},
}
keywords = {Maintenance, Condition monitoring, Digital twin},
OPTURL = {https://www.sciencedirect.com/science/article/pii/S0007850618300799},
issn = {0007-8506},


@misc{ran2019survey,
      title={A {S}urvey of {P}redictive {M}aintenance: {S}ystems, {P}urposes and {A}pproaches}, 
      author={Yongyi Ran and Xin Zhou and Pengfeng Lin and Yonggang Wen and Ruilong Deng},
      year={2019},
      doi = {10.48550/arXiv.1912.07383},
      eprint={1912.07383},
      archivePrefix={arXiv},
      comment = {arXiv:1912.07383},
      primaryClass={eess.SP},
}

@techreport{wen2012tools,
     title = {Tools for evaluating fault detection and diagnostic methods for air-handling units},
     author = {Wen, Jin and Li, Shun},
     year = {2012},
     institution = {The American Society of Heating, Refrigerating and Air-Conditioning Engineers},
     group = {D-RP-1312}
}

@article{thakkar2020scaling,
  title={Scaling hyperledger fabric using pipelined execution and sparse peers},
  author={Thakkar, Parth and Natarajan, Senthilnathan},
  year={arXiv:2003.05113, 2020}
}



@article{wang2021machine,
author = {Kung-Jeng Wang and Ying-Hao Lee and Septianda Angelica},
title = {Digital twin design for real-time monitoring – a case study of die cutting machine},
journal = {Int. J. Prod. Res.},
volume = {59},
number = {21},
pages = {6471-6485},
year  = {2021},
publisher = {Taylor \& Francis},
doi = {10.1080/00207543.2020.1817999},
}
OPTURL = {https://doi.org/10.1080/00207543.2020.1817999}

@article{cohen2021smart,
  title={A smart process controller framework for Industry 4.0 settings},
  author={Cohen, Yuval and Singer, Gonen},
  journal={J. Intell. Manuf.},
  volume={32},
  number={7},
  pages={1975--1995},
  year={2021},
  publisher={Springer},
  doi = {10.1007/s10845-021-01748-5}
}

@inproceedings{dhada2021deploy,  author={Dhada, Maharshi and Hernández, Marco Pérez and Salvador Palau, Adrià and Parlikad, Ajith Kumar},  booktitle={2021 IEEE Int. Conf. Progn. Health Manage.},   title={Comparison of {A}gent {D}eployment {S}trategies for {C}ollaborative {P}rognosis},   year={2021},  volume={},  number={},  pages={1-8},  doi={10.1109/ICPHM51084.2021.9486628}}

@article{dong2019deep,
  title={Deep learning for hybrid {5G} services in mobile edge computing systems: Learn from a digital twin},
  author={Dong, Rui and She, Changyang and Hardjawana, Wibowo and Li, Yonghui and Vucetic, Branka},
  journal={IEEE Trans. Wireless Commun.},
  volume={18},
  number={10},
  pages={4692--4707},
  year={2019},
  publisher={IEEE},
  doi = {10.1109/TWC.2019.2927312}
}

@article{wang2019adaptive,
  title={Adaptive federated learning in resource constrained edge computing systems},
  author={Wang, Shiqiang and Tuor, Tiffany and Salonidis, Theodoros and Leung, Kin K and Makaya, Christian and He, Ting and Chan, Kevin},
  journal={IEEE J. Sel. Areas Commun.},
  volume={37},
  number={6},
  pages={1205--1221},
  year={2019},
  publisher={IEEE},
  doi ={10.1109/JSAC.2019.2904348}
}

@inproceedings{preuveneers2018robust,
  title={Robust digital twin compositions for industry 4.0 smart manufacturing systems},
  author={Preuveneers, Davy and Joosen, Wouter and Ilie-Zudor, Elisabeth},
  booktitle={2018 IEEE 22nd Int. Enterp. Distrib. Object Comput. Workshop},
  pages={69--78},
  year={2018},
  organization={IEEE},
  doi = {10.1109/EDOCW.2018.00021}
}

@article{naserentin2022combining,
  title={Combining {O}pen {S}ource and {C}ommercial {T}ools in {D}igital {T}win for {C}ities {G}eneration},
  author={Naserentin, Vasilis and Somanath, Sanjay and Eleftheriou, Orfeas and Logg, Anders},
  journal={IFAC-PapersOnLine},
  volume={55},
  number={11},
  pages={185--189},
  year={2022},
  publisher={Elsevier},
  doi = {10.1016/j.ifacol.2022.08.070}
}

@article{dong2014bim,
title = {A {BIM}-enabled information infrastructure for building energy Fault Detection and Diagnostics},
journal = {Autom. Constr.},
volume = {44},
pages = {197-211},
year = {2014},
issn = {0926-5805},
doi = {10.1016/j.autcon.2014.04.007},
author = {Bing Dong and Zheng O'Neill and Zhengwei Li},
keywords = {Building Information Modeling, Fault Detection and Diagnostics, Information infrastructure, Real-time implementation, Data schema}
}
OPTURL = {https://www.sciencedirect.com/science/article/pii/S0926580514000946},


@article{silva2015modeling,
title = {Modeling of gas leakage through compressor valves},
journal = {International Journal of Refrigeration},
volume = {53},
pages = {195-205},
year = {2015},
issn = {0140-7007},
doi = {10.1016/j.ijrefrig.2014.05.003},
author = {Leandro R. Silva and Cesar J. Deschamps},
keywords = {Compressor, Valve, Leakage, Modeling, Compresseur, Soupape, Fuites, Modélisation}
}
OPTURL = {https://www.sciencedirect.com/science/article/pii/S0140700714001042},

@InProceedings{lu2020bim,
author="Lu, Qiuchen
and Xie, Xiang
and Heaton, James
and Parlikad, Ajith Kumar
and Schooling, Jennifer",
editor="Borangiu, Theodor
and Trentesaux, Damien
and Leit{\~a}o, Paulo
and Giret Boggino, Adriana
and Botti, Vicente",
title="From {BIM} {T}owards {D}igital {T}win: {S}trategy and {F}uture {D}evelopment for {S}mart {A}sset {M}anagement",
booktitle="Service Oriented, Holonic and Multi-agent Manufacturing Systems for Industry of the Future",
year="2020",
publisher="Springer International Publishing",
address="Cham",
pages="392--404",
doi = {10.1007/978-3-030-27477-1\_30}
}

@article{aversano2019application,
  title={Application of reduced-order models based on {PCA} \& {K}riging for the development of digital twins of reacting flow applications},
  author={Aversano, Gianmarco and Bellemans, Aurelie and Li, Zhiyi and Coussement, Axel and Gicquel, Olivier and Parente, Alessandro},
  journal={Comput. \& Chem. Eng.},
  volume={121},
  pages={422--441},
  year={2019},
  publisher={Elsevier},
  doi = {10.1016/j.compchemeng.2018.09.022}
}

@article{zhang2004finite,
  title={Finite element modeling discretization requirements for the laser forming process},
  author={Zhang, L and Reutzel, EW and Michaleris, P},
  journal={International Journal of Mechanical Sciences},
  volume={46},
  number={4},
  pages={623--637},
  year={2004},
  publisher={Elsevier}
}

@article{zhang2019fast,
  title={Fast explicit dynamics finite element algorithm for transient heat transfer},
  author={Zhang, Jinao and Chauhan, Sunita},
  journal={Int. J. Therm. Sci.},
  volume={139},
  pages={160--175},
  year={2019},
  publisher={Elsevier},
  doi = {10.1016/j.ijthermalsci.2019.01.030}
}

@inproceedings{painter2006simulation,
  author={Painter, Michael K. and Erraguntla, Madhav and Hogg, Gary L. and Beachkofski, Brian},
  booktitle={Proc. 2006 Winter Simul. Conf.}, 
  title={Using Simulation, Data Mining, and Knowledge Discovery Techniques for Optimized Aircraft Engine Fleet Management}, 
  year={2006},
  volume={},
  number={},
  pages={1253-1260},
  doi={10.1109/WSC.2006.323221}}


@article{MENDES2022105810,
title = {Risk management in aviation maintenance: A systematic literature review},
journal = {Safety Science},
volume = {153},
pages = {105810},
year = {2022},
issn = {0925-7535},
doi = {10.1016/j.ssci.2022.105810},
author = {Naila Mendes and José {Geraldo Vidal Vieira} and Aline {Patrícia Mano}},
keywords = {Risk management, Human error, Data analysis, Predictive model, Artificial intelligence, Aviation maintenance}
}
OPTURL = {https://www.sciencedirect.com/science/article/pii/S0925753522001497},

@article{LI2020121,
title = {A systematic review of deep transfer learning for machinery fault diagnosis},
journal = {Neurocomput.},
volume = {407},
pages = {121-135},
year = {2020},
issn = {0925-2312},
doi = {10.1016/j.neucom.2020.04.045},
OPTURL = {https://www.sciencedirect.com/science/article/pii/S0925231220306123},
author = {Chuan Li and Shaohui Zhang and Yi Qin and Edgar Estupinan},
keywords = {Machinery fault diagnosis, Deep transfer learning, Intelligent computing, Prognostics and health management}
}

@article{kapteyn2022data,
author = {Kapteyn, M.G. and Knezevic, D.J. and Huynh, D.B.P. and Tran, M. and Willcox, K.E.},
title = {Data-driven physics-based digital twins via a library of component-based reduced-order models},
journal = {Int. J. Numer. Methods Eng.},
volume = {123},
number = {13},
pages = {2986-3003},
keywords = {data-model fusion, digital twin, model updating, reduced-order model, unmanned aerial vehicle},
doi = {10.1002/nme.6423},
OPTURL = {https://onlinelibrary.wiley.com/doi/abs/10.1002/nme.6423},
year = {2022}
}

@article{aversano2021digital,
  title={Digital twin of a combustion furnace operating in flameless conditions: reduced-order model development from {CFD} simulations},
  author={Aversano, Gianmarco and Ferrarotti, Marco and Parente, Alessandro},
  journal={Proc. Combust. Inst.},
  volume={38},
  number={4},
  pages={5373--5381},
  year={2021},
  publisher={Elsevier},
  doi = {10.1016/j.proci.2020.06.045}
}

@inproceedings{katherine2022digital,
  author={Flanigan, Katherine A. and Ma, Sizhe and Bergés, Mario},
  booktitle={2022 IEEE 2nd Int. Conf. Digital Twins Parallel Intell.}, 
  title={Functional {R}equirements {E}nabling {L}evels of {P}redictive {M}aintenance {A}utomation and {A}utonomy}, 
  year={2022},
  volume={},
  number={},
  pages={1-2},
  doi={10.1109/DTPI55838.2022.10036152}}

  @article{ohara2010human,
  title={Human-system interfaces to automatic systems: Review guidance and technical basis},
  author={OHara, John M and Higgins, JC},
  year={2010},
  publisher={Brookhaven National Lab.(BNL), Upton, NY (United States)},
  doi = {10.2172/1013461}
}


@article{KAMBLE2022121448,
title = {Digital twin for sustainable manufacturing supply chains: Current trends, future perspectives, and an implementation framework},
journal = {Technol. Forecasting Social Change},
volume = {176},
pages = {121448},
year = {2022},
issn = {0040-1625},
doi = {10.1016/j.techfore.2021.121448},
OPTURL = {https://www.sciencedirect.com/science/article/pii/S0040162521008799},
author = {Sachin S Kamble and Angappa Gunasekaran and Harsh Parekh and Venkatesh Mani and Amine Belhadi and Rohit Sharma},
keywords = {Digital twin, Digital supply chain twin, Artificial intelligence, Cyberphysical, Internet of Things, Sustainability}
}



@book{molnar2020interpretable,
  title      = {Interpretable Machine Learning},
  author     = {Christoph Molnar},
  year       = {2022},
  subtitle   = {A Guide for Making Black Box Models Explainable},
  edition    = {2},
  OPTURL        = {https://christophm.github.io/interpretable-ml-book},
  publisher = {Lulu Press, Inc.}
}

@ARTICLE{srinivasan2021explainable,
  author={Srinivasan, Seshadhri and Arjunan, Pandarasamy and Jin, Baihong and Sangiovanni-Vincentelli, Alberto L. and Sultan, Zuraimi and Poolla, Kameshwar},
  journal={Comput.}, 
  title={Explainable AI for Chiller Fault-Detection Systems: Gaining Human Trust}, 
  year={2021},
  volume={54},
  number={10},
  pages={60-68},
  doi={10.1109/MC.2021.3071551}}



@InProceedings{madhikermi2019explainable,
author="Madhikermi, Manik
and Malhi, Avleen Kaur
and Fr{\"a}mling, Kary",
editor="Calvaresi, Davide
and Najjar, Amro
and Schumacher, Michael
and Fr{\"a}mling, Kary",
title="Explainable Artificial Intelligence Based Heat Recycler Fault Detection in Air Handling Unit",
booktitle="Explainable, Transparent Auton. Agents and Multi-Agent Syst.",
year="2019",
OPTpublisher="Springer International Publishing",
OPTaddress="Cham",
pages="110--125",
}

@article{li2021explainable,
title = {An explainable one-dimensional convolutional neural networks based fault diagnosis method for building heating, ventilation and air conditioning systems},
journal = {Build. Environ.},
volume = {203},
pages = {108057},
year = {2021},
issn = {0360-1323},
doi = {10.1016/j.buildenv.2021.108057},
OPTURL = {https://www.sciencedirect.com/science/article/pii/S0360132321004595},
author = {Guannan Li and Qing Yao and Cheng Fan and Chunlin Zhou and Guanghai Wu and Zhenxin Zhou and Xi Fang},
keywords = {Deep learning, Convolutional neural networks, Fault diagnosis, Building energy systems, Fault class-discriminative feature, Model visualization}
}

@inproceedings{belikov2022explainable,
  title={Explainable {AI} based fault detection and diagnosis system for air handling units},
  author={Belikov, Juri and Meas, Molika and Machlev, Ram and Kose, Ahmet and Tepljakov, Aleksei and Loo, Lauri and Petlenkov, Eduard and Levron, Yoash},
  booktitle={Proc. Int. Conf. Inf. Control Autom. Rob.},
  pages={14--16},
  year={2022}
}


@inproceedings{butte2018machine,
  author={Butte, Sujata and Prashanth, A.R. and Patil, Sainath},
  booktitle={2018 IEEE Workshop Microelectron. Electron Devices}, 
  title={Machine Learning Based Predictive Maintenance Strategy: A Super Learning Approach with Deep Neural Networks}, 
  year={2018},
  volume={},
  number={},
  pages={1-5},
  doi={10.1109/WMED.2018.8360836}}


@article{hurkamp2020combining,
  title={Combining simulation and machine learning as digital twin for the manufacturing of overmolded thermoplastic composites},
  author={H{\"u}rkamp, Andr{\'e} and Gellrich, Sebastian and Ossowski, Tim and Beuscher, Jan and Thiede, Sebastian and Herrmann, Christoph and Dr{\"o}der, Klaus},
  journal={J. Manuf. Mater. Process.},
  volume={4},
  number={3},
  pages={92},
  year={2020},
  publisher={MDPI},
  doi = {10.3390/jmmp4030092}
}

@article{phanden2021review,
  title={A review on simulation in digital twin for aerospace, manufacturing and robotics},
  author={Phanden, Rakesh Kumar and Sharma, Priavrat and Dubey, Anubhav},
  journal={Mater. Today Proc.},
  volume={38},
  pages={174--178},
  year={2021},
  publisher={Elsevier},
  doi = {10.1016/j.matpr.2020.06.446}
}

@article{zhao2022digital,
  title={Digital Twin Evaluation of Environment and Health of Public Toilet Ventilation Design Based on Building Information Modeling},
  author={Zhao, Liang and Zhang, Hong and Wang, Qian and Sun, Bo and Liu, Wenhui and Qu, Kaichen and Shen, Xiumei},
  journal={Buildings},
  volume={12},
  number={4},
  pages={470},
  year={2022},
  publisher={MDPI}
}

@article{elkarii2020towards,
  title={Towards modelling a diphasic flow using the {CFD} technique to achieve a digital twin of a phosphate slurry piping process},
  author={Elkarii, Marwane and Bouallou, Chakib and Ratnani, Ahmed},
  journal={Chem. Eng. Trans.},
  volume={81},
  year={2020},
  doi = {10.3303/CET2081127}
}

@article{molinaro2021embedding,
  title={Embedding data analytics and {CFD} into the digital twin concept},
  author={Molinaro, Roberto and Singh, Joel-Steven and Catsoulis, Sotiris and Narayanan, Chidambaram and Lakehal, Djamel},
  journal={Comput. Fluids},
  volume={214},
  pages={104759},
  year={2021},
  publisher={Elsevier},
  doi = {10.1016/j.compfluid.2020.104759}
}

@inproceedings{jimenez2019system,
  author={Montero Jiménez, Juan José and Vingerhoeds, Rob},
  booktitle={2019 Int. Symp. Syst. Eng.}, 
  title={A System Engineering Approach to Predictive Maintenance Systems: from needs and desires to logical architecture}, 
  year={2019},
  volume={},
  number={},
  pages={1-8},
  doi={10.1109/ISSE46696.2019.8984559}}



@incollection{justus2018capability,
  title={A capability assessment model of industry 4.0 technologies for viability analysis of POC (proof of concept) in an automotive company},
  author={Justus, Alvaro dos Santos and Ramos, Luiz Felipe Pierin and Loures, Eduardo de Freitas Rocha},
  booktitle={Transdiscip. Eng. Methods Soc. Innovation Ind. 4.0},
  pages={936--945},
  year={2018},
  publisher={IOS Press},
  doi = {10.3233/978-1-61499-898-3-936}
}

@article{vathoopan2018modular,
  title={Modular fault ascription and corrective maintenance using a digital twin},
  author={Vathoopan, Milan and Johny, Maria and Zoitl, Alois and Knoll, Alois},
  journal={IFAC-PapersOnLine},
  volume={51},
  number={11},
  pages={1041--1046},
  year={2018},
  publisher={Elsevier},
  doi = {10.1016/j.ifacol.2018.08.470}
}

@inproceedings{murashov2019development,
  title={Development of digital twin of high frequency generator with self-excitation in {S}imulink},
  author={Murashov, Iu and Zverev, S and Smorodinov, V and Grachev, S},
  booktitle={IOP Conf. Ser.: Mater. Sci. Eng.},
  volume={643},
  number={1},
  pages={012078},
  year={2019},
  organization={IOP Publishing},
  doi = {10.1088/1757-899X/643/1/012078}
}

@article{balderas2021empowering,
  title={Empowering {D}igital {T}win for {I}ndustry 4.0 using metaheuristic optimization algorithms: case study {PCB} drilling optimization},
  author={Balderas, David and Ortiz, Alexandro and M{\'e}ndez, Efra{\'\i}n and Ponce, Pedro and Molina, Arturo},
  journal={Int. J. Adv. Manuf. Technol.},
  volume={113},
  number={5},
  pages={1295--1306},
  year={2021},
  publisher={Springer},
  doi = {10.1007/s00170-021-06649-8}
}

@book{khaled2020digital,
  title={Digital Twin Development and Deployment on the Cloud: Developing Cloud-Friendly Dynamic Models Using Simulink{\textregistered}/SimscapeTM and Amazon AWS},
  author={Khaled, Nassim and Pattel, Bibin and Siddiqui, Affan},
  year={2020},
  publisher={Academic Press},
  doi = {10.1016/C2019-0-03782-X}
}

@inproceedings{viola2020digital,
  title={Digital twin enabled smart control engineering as an industrial {AI}: A new framework and case study},
  author={Viola, Jairo and Chen, YangQuan},
  booktitle={2020 2nd Int. Conf. Ind. Artif. Intell.},
  pages={1--6},
  year={2020},
  organization={IEEE},
  doi = {10.1109/IAI50351.2020.9262203}
}



@inproceedings{liu2018industrial,
  author={Liu, Zongchang and Jin, Chao and Jin, Wenjing and Lee, Jay and Zhang, Zhiqiang and Peng, Chang and Xu, Guanji},
  booktitle={2018 IEEE Int. Conf. Progn. Health Manage.}, 
  title={Industrial {AI} Enabled Prognostics for High-speed Railway Systems}, 
  year={2018},
  volume={},
  number={},
  pages={1-8},
  doi={10.1109/ICPHM.2018.8448431}}


@article{wei2022study,
  title={Study on the construction theory of digital twin mechanism model for mechatronics equipment},
  author={Wei, Yongli and Hu, Tianliang and Yue, Pengjun and Luo, Weichao and Ma, Songhua},
  journal={Int. J. Adv. Manuf. Technol.},
  pages={1--19},
  year={2022},
  publisher={Springer},
  doi = {10.1007/s00170-022-09144-w}
}

@inproceedings{pattanaik2020numerical,
  title={Numerical {A}nalysis of {C}ooling {C}haracteristics of {I}ndian mangoes using {D}igital {T}win},
  author={Pattanaik, Swati and Jenamani, Mamata},
  booktitle={IECON 2020 46th Annu. Conf. IEEE Ind. Electron. Soc.},
  pages={3095--3101},
  year={2020},
  organization={IEEE},
  doi = {10.1109/IECON43393.2020.9254303}
}

@article{aksenovscientific,
  title={Scientific and engineering group},
  author={Aksenov, AA and Danilishin, AM and Dubenko, АМ and Kozhukov, YV}
}

@inproceedings{magargle2017simulation,
  title={A simulation-based digital twin for model-driven health monitoring and predictive maintenance of an automotive braking system},
  author={Magargle, Ryan and Johnson, Lee and Mandloi, Padmesh and Davoudabadi, Peyman and Kesarkar, Omkar and Krishnaswamy, Sivasubramani and Batteh, John and Pitchaikani, Anand},
  booktitle={Proc. 12th Int. Modelica Conf.},
  number={132},
  pages={35--46},
  year={2017},
  doi = {10.3384/ecp1713235}
}
organization={Link{\"o}ping University Electronic Press},


@article{du2014fault,
title = {Fault detection and diagnosis for buildings and {HVAC} systems using combined neural networks and subtractive clustering analysis},
journal = {Build. Environ.},
volume = {73},
pages = {1-11},
year = {2014},
issn = {0360-1323},
doi = {10.1016/j.buildenv.2013.11.021},
OPTURL = {https://www.sciencedirect.com/science/article/pii/S0360132313003417},
author = {Zhimin Du and Bo Fan and Xinqiao Jin and Jinlei Chi},
keywords = {Fault detection and diagnosis, Combined neural networks, Subtractive clustering analysis, Buildings}
}

@INPROCEEDINGS{zahra2021,
  author={Zahra, Nabila and Buldan, Rasis Syauqi and Nazaruddin, Yul Y. and Widyotriatmo, Augie},
  booktitle={2021 Am. Control Conf.}, 
  title={Predictive Maintenance with Neural Network Approach for UAV Propulsion Systems Monitoring}, 
  year={2021},
  volume={},
  number={},
  pages={2631-2636},
  doi={10.23919/ACC50511.2021.9482858}}

@inproceedings{Kristensen2017PredictiveAW,
  title={Predictive analytics with an advanced {B}ayesian modeling framework},
  author={Jesper Kristensen and Isaac M. Asher and You Ling and Kevin Ryan and Arun K. Subramaniyan and Liping Wang},
  booktitle = {MODSIM World Conference \& Expo},
  year={2017},
  OPTURL={https://api.semanticscholar.org/CorpusID:46412388}
}

@article{LO2007554,
title = {Fuzzy-genetic algorithm for automatic fault detection in {HVAC} systems},
journal = {Appl. Soft Comput.},
volume = {7},
number = {2},
pages = {554-560},
year = {2007},
issn = {1568-4946},
doi = {https://doi.org/10.1016/j.asoc.2006.06.003},
OPTURL = {https://www.sciencedirect.com/science/article/pii/S1568494606000548},
author = {C.H. Lo and P.T. Chan and Y.K. Wong and A.B. Rad and K.L. Cheung},
keywords = {Air-conditioning systems, Fault detection, Fuzzy logic, Genetic algorithms}
}

@article{ZHANG2017178,
title = {Modeling of {HVAC} operational faults in building performance simulation},
journal = {Appl. Energy},
volume = {202},
pages = {178-188},
year = {2017},
issn = {0306-2619},
doi = {https://doi.org/10.1016/j.apenergy.2017.05.153},
OPTURL = {https://www.sciencedirect.com/science/article/pii/S0306261917307031},
author = {Rongpeng Zhang and Tianzhen Hong},
keywords = {Operational fault, HVAC system, EnergyPlus, Modeling and simulation, Energy performance, Thermal comfort}
}

@article{nordal2021modeling,
author = {Nordal, Helge and El-Thalji, Idriss},
title = {Modeling a predictive maintenance management architecture to meet industry 4.0 requirements: {A} case study},
journal = {Syst. Eng.},
volume = {24},
number = {1},
pages = {34-50},
keywords = {architecture design, intelligent maintenance system, oil and gas industry},
doi = {https://doi.org/10.1002/sys.21565},
year = {2021}
}




@article{CHEN2022112395,
title = {A review of computing-based automated fault detection and diagnosis of heating, ventilation and air conditioning systems},
journal = {Renewable Sustainable Energy Rev.},
volume = {161},
pages = {112395},
year = {2022},
issn = {1364-0321},
doi = {10.1016/j.rser.2022.112395},
OPTURL = {https://www.sciencedirect.com/science/article/pii/S1364032122003057},
author = {Jianli Chen and Liang Zhang and Yanfei Li and Yifu Shi and Xinghua Gao and Yuqing Hu},
keywords = {Fault detection and diagnosis, Heating, Ventilation and air conditioning systems, Machine learning, Artificial intelligence, Data-driven, Physics-based modeling, Computing algorithm}
}

@inproceedings{pimenta2020development,
  title={Development of a digital twin of an onshore wind turbine using monitoring data},
  author={Pimenta, F and Pacheco, J and Branco, CM and Teixeira, CM and Magalh{\~a}es, F},
  booktitle={J. Phys. Conf. Ser.},
  volume={1618},
  number={2},
  pages={022065},
  year={2020},
  OPTorganization={IOP Publishing},
  doi ={10.1088/1742-6596/1618/2/022065}
}

@incollection{hernandez2021process,
  title={Process {S}ystem {E}ngineering {T}ool {I}ntegration in the {C}ontext of {I}ndustry 4.0},
  author={Hern{\'a}ndez, Manuel Rodr{\'\i}guez and Moreno, Ismael D{\'\i}az},
  booktitle={Comput. Aided Chem. Eng.},
  volume={50},
  pages={469--474},
  year={2021},
  publisher={Elsevier},
  doi = {10.1016/B978-0-323-88506-5.50074-7}
}




@article{lee2020planetary,
  title={Planetary-scale geospatial open platform based on the Unity3D environment},
  author={Lee, Ahyun and Chang, Yoon-Seop and Jang, Insung},
  journal={Sensors},
  volume={20},
  number={20},
  pages={5967},
  year={2020},
  publisher={MDPI}
}



@article{bartram2014integration,
  title={Integration of heterogeneous information in {SHM} models},
  author={Bartram, Gregory and Mahadevan, Sankaran},
  journal={Struct. Control Health Monit.},
  volume={21},
  number={3},
  pages={403--422},
  year={2014},
  publisher={Wiley Online Library},
  doi = {10.1002/stc.1572}
}

@inproceedings{bartolucci2022digital,
  title={A digital twin infrastructure for designing an underwater survey with a professional {DPV}},
  author={Bartolucci, Veronica and Ciuccoli, Nicol{\`o} and Prendi, Fatjon and Screpanti, Laura and Scaradozzi, David},
  booktitle={2022 30th Mediterr. Conf. Control and Autom.},
  pages={829--834},
  year={2022},
  organization={IEEE},
  doi = {10.1109/MED54222.2022.9837286}
}

@inproceedings{eyre2018demonstration,
  title={Demonstration of an industrial framework for an implementation of a process digital twin},
  author={Eyre, Jonathan M and Dodd, Tony J and Freeman, Chris and Lanyon-Hogg, Richard and Lockwood, Aiden J and Scott, Rab W},
  booktitle={ASME Int. Mech. Eng. Congr. Exposition},
  volume={52019},
  pages={V002T02A070},
  year={2018},
  organization={American Society of Mechanical Engineers},
  doi = {10.1115/IMECE2018-87361}
}

@article{aivaliotis2019use,
  title={The use of {D}igital {T}win for predictive maintenance in manufacturing},
  author={Aivaliotis, Panagiotis and Georgoulias, Konstantinos and Chryssolouris, George},
  journal={Int. J. Comput. Integr. Manuf.	},
  volume={32},
  number={11},
  pages={1067--1080},
  year={2019},
  publisher={Taylor \& Francis},
  doi = {10.1080/0951192X.2019.1686173}
}

@article{lohtander2018micro,
  title={Micro manufacturing unit and the corresponding 3{D}-model for the digital twin},
  author={Lohtander, Mika and Ahonen, Niko and Lanz, Minna and Ratava, Juho and Kaakkunen, Jarno},
  journal={Procedia Manuf.},
  volume={25},
  pages={55--61},
  year={2018},
  publisher={Elsevier},
  doi ={10.1016/j.promfg.2018.06.057}
}

@article{liu2018design,
  title={Design of {C}yber-{P}hysical {S}ystems {A}rchitecture for {P}rognostics and {H}ealth {M}anagement of {H}igh-speed {R}ailway {T}ransportation {S}ystems},
  author={Liu, Zongchang and Zhang, Zhiqiang and Xu, Guanji and Jin, Wenjing and Lee, Jay},
  journal={Int. J. Progn. Health Manage.},
  volume={9},
  number={3},
  year={2018},
  doi = {10.36001/ijphm.2018.v9i3.2740}
}

@inproceedings{karakra2018pervasive,
  title={Pervasive computing integrated discrete event simulation for a hospital digital twin},
  author={Karakra, Abdallah and Fontanili, Franck and Lamine, Elyes and Lamothe, Jacques and Taweel, Adel},
  booktitle={2018 IEEE/ACS 15th Int. Conf. Comput. Syst. Appl.},
  pages={1--6},
  year={2018},
  organization={IEEE},
  doi = {10.1109/AICCSA.2018.8612796}
}

@inproceedings{zhang2017modeling,
  title={Modeling of digital twin workshop based on perception data},
  author={Zhang, Qi and Zhang, Xiaomei and Xu, Wenjun and Liu, Aiming and Zhou, Zude and Pham, Duc Truong},
  booktitle={Int. Conf. Intell. Rob. Appl.},
  pages={3--14},
  year={2017},
  organization={Springer},
  doi = {10.1007/978-3-319-65298-6\_1}
}



@inproceedings{pires2021digital,
  title={Digital twin based what-if simulation for energy management},
  author={Pires, Fl{\'a}via and Ahmad, Bilal and Moreira, Ant{\'o}nio Paulo and Leit{\~a}o, Paulo},
  booktitle={2021 4th IEEE Int. Conf. Ind. Cyber-Phys. Syst.},
  pages={309--314},
  year={2021},
  organization={IEEE},
  doi = {10.1109/ICPS49255.2021.9468224}
}

@article{kaewunruen2018digital,
  title={Digital twin for sustainability evaluation of railway station buildings},
  author={Kaewunruen, Sakdirat and Xu, Ningfang},
  journal={Front. Built Environ.},
  volume={4},
  pages={77},
  year={2018},
  publisher={Frontiers Media SA},
  doi = {10.3389/fbuil.2018.00077}
}

@proceedings{johansen2019twin,
    author = {Johansen, Sigrid S. and Nejad, Amir R.},
    title = "{On Digital Twin Condition Monitoring Approach for Drivetrains in Marine Applications}",
    volume = {Volume 10: Ocean Renewable Energy},
    series = {Int. Conf. on Offshore Mech. and Arct. Eng.},
    year = {2019},
    month = {06},
    doi = {10.1115/OMAE2019-95152},
    OPTURL = {https://doi.org/10.1115/OMAE2019-95152},
    note = {V010T09A013},
}

@article{moghadam2021digital,
  title={Digital twin modeling for predictive maintenance of gearboxes in floating offshore wind turbine drivetrains},
  author={Moghadam, Farid K and Rebou{\c{c}}as, Geraldo F de S and Nejad, Amir R},
  journal={Forsch. Ingenieurwes.},
  volume={85},
  number={2},
  pages={273--286},
  year={2021},
  publisher={Springer},
  doi = {10.1007/s10010-021-00468-9}
}

@mastersthesis{johansen2018developing,
  title={On developing a digital twin for fault detection in drivetrains of offshore wind turbines},
  author={Johansen, Sigrid Siksj{\o}},
  year={2018},
  school={NTNU}
}

@article{meng2022data,
  title={A data-driven {B}ayesian network model integrating physical knowledge for prioritization of risk influencing factors},
  author={Meng, Huixing and An, Xu and Xing, Jinduo},
  journal={Process Saf. Environ. Prot.},
  volume={160},
  pages={434--449},
  year={2022},
  publisher={Elsevier},
  doi = {10.1016/j.psep.2022.02.010}
}

@article{aivaliotis2020tool,
title = {Machines’ {B}ehaviour {P}rediction {T}ool ({BPT}) for maintenance applications},
journal = {IFAC-PapersOnLine},
volume = {53},
number = {3},
pages = {325-329},
year = {2020},
issn = {2405-8963},
doi = {10.1016/j.ifacol.2020.11.052},
author = {P. Aivaliotis and E. Xanthakis and A. Sardelis},
keywords = {Predictive Maintenance, Maintenance Models, Engineering, Simulation, Optimisation in Maintenance}
}

@ARTICLE{duenckel2017preventive,
  author={Duenckel, John R. and Soileau, Robert and Pittman, Jerry D.},
  journal={IEEE Ind. Appl. Mag.}, 
  title={Preventive Maintenance for Electrical Reliability: A Proposed Metric Using Mean Time Between Failures Plus Finds}, 
  year={2017},
  volume={23},
  number={4},
  pages={45-56},
  doi={10.1109/MIAS.2016.2600695}}




@article{aivaliotis2021industrial,
title = {Degradation curves integration in physics-based models: Towards the predictive maintenance of industrial robots},
journal = {Rob. Comput. Integr. Manuf.},
volume = {71},
pages = {102177},
year = {2021},
issn = {0736-5845},
doi = {10.1016/j.rcim.2021.102177},
OPTURL = {https://www.sciencedirect.com/science/article/pii/S0736584521000600},
author = {P. Aivaliotis and Z. Arkouli and K. Georgoulias and S. Makris},
keywords = {Enriched physics-based simulation, Predictive maintenance, Digital twin, Degradation curve integration, Deterioration profile}
}

@article{wei2022digital,
  title={Digital {T}win {A}ssistant {A}ctive {D}esign and {O}ptimization of {S}teel {M}ega-{S}ub {C}ontrolled {S}tructural {S}ystem under {S}evere {E}arthquake {W}aves},
  author={Wei, Zheng and Zhang, Xun-An and Sun, Feng and Wang, William Yi},
  journal={Mater.},
  volume={15},
  number={18},
  pages={6382},
  year={2022},
  publisher={MDPI},
  doi = {10.3390/ma15186382}
}

@inproceedings{balak2014hvac,
author = {Narayanaswamy, Balakrishnan and Balaji, Bharathan and Gupta, Rajesh and Agarwal, Yuvraj},
title = {Data Driven Investigation of Faults in {HVAC} Systems with Model, Cluster and Compare ({MCC})},
year = {2014},
isbn = {9781450331449},
OPTpublisher = {ACM},
OPTaddress = {New York, NY, USA},
booktitle = {Proc. 1st ACM Conf. Embedded Syst. Energy-Effic. Build.},
pages = {50–59},
numpages = {10},
keywords = {smart buildings, anomaly detection},
location = {Memphis, Tennessee},
series = {BuildSys '14}
}

@article{YU2014550,
title = {A review of fault detection and diagnosis methodologies on air-handling units},
journal = {Energy Build.},
volume = {82},
pages = {550-562},
year = {2014},
issn = {0378-7788},
doi = {https://doi.org/10.1016/j.enbuild.2014.06.042},
OPTURL = {https://www.sciencedirect.com/science/article/pii/S0378778814005246},
author = {Yuebin Yu and Denchai Woradechjumroen and Daihong Yu},
keywords = {Fault detection and diagnosis, Air-handling units, Analytical-based, Desirable characteristics}
}

@article{zhang2022highly,
  title={Highly sensitive three-dimensional scanning triboelectric sensor for digital twin applications},
  author={Zhang, Jiayue and Li, Shaoxin and Zhao, Zhihao and Gao, Yikui and Liu, Di and Wang, Jie and Wang, Zhong Lin},
  journal={Nano Energy},
  volume={97},
  pages={107198},
  year={2022},
  publisher={Elsevier},
  doi = {10.1016/j.nanoen.2022.107198}
}

@article{barkanyi2021modelling,
  title={Modelling for digital twins—potential role of surrogate models},
  author={B{\'a}rk{\'a}nyi, {\'A}gnes and Chovan, Tibor and Nemeth, Sandor and Abonyi, J{\'a}nos},
  journal={Processes},
  volume={9},
  number={3},
  pages={476},
  year={2021},
  publisher={MDPI},
  doi = {10.3390/pr9030476}
}

@article{GALAR2015137,
title = {Context awareness for maintenance decision making: A diagnosis and prognosis approach},
journal = {Meas.},
volume = {67},
pages = {137-150},
year = {2015},
issn = {0263-2241},
doi = {10.1016/j.measurement.2015.01.015},
author = {Diego Galar and Adithya Thaduri and Marcantonio Catelani and Lorenzo Ciani},
keywords = {Context-driven, eMaintenance, Condition monitoring, Condition based maintenance, Diagnosis, Prognosis}
}


@Inbook{masood2019aiops,
author="Masood, Adnan
and Hashmi, Adnan",
title="{AIOps: Predictive Analytics {\&} Machine Learning in Operations}",
bookTitle="Cognitive Computing Recipes: Artificial Intelligence Solutions Using Microsoft Cognitive Services and TensorFlow",
year="2019",
publisher="Apress",
address="Berkeley, CA",
pages="359--382",
isbn="978-1-4842-4106-6",
doi="10.1007/978-1-4842-4106-6\_7",
OPTURL="https://doi.org/10.1007/978-1-4842-4106-6\_7"
}

@article{tripura2022probabilistic,
    title = {Probabilistic machine learning based predictive and interpretable digital twin for dynamical systems},
    journal = {Comput. & Struct.},
    volume = {281},
    pages = {107008},
    year = {2023},
    issn = {0045-7949},
    doi = {10.1016/j.compstruc.2023.107008},
    author = {Tapas Tripura and Aarya Sheetal Desai and Sondipon Adhikari and Souvik Chakraborty},
    keywords = {Predictive digital twin, Model update, Probabilistic machine learning, Stochastic differential equation}
}

@article{NUNES202353,
title = {Challenges in predictive maintenance – {A} review},
journal = {CIRP J. Manuf. Sci. Technol.},
volume = {40},
pages = {53-67},
year = {2023},
issn = {1755-5817},
doi = {10.1016/j.cirpj.2022.11.004},
author = {P. Nunes and J. Santos and E. Rocha},
keywords = {Predictive maintenance, Prognostics, Predictive models, Review, Industry 4.0}
}

@article{sisson2022digital,
  title={Digital twin approach for component health-informed rotorcraft flight parameter optimization},
  author={Sisson, William and Karve, Pranav and Mahadevan, Sankaran},
  journal={AIAA Journal},
  volume={60},
  number={3},
  pages={1923--1936},
  year={2022},
  publisher={American Institute of Aeronautics and Astronautics}
}

@article{LESER2020106903,
title = {A digital twin feasibility study (Part {II}): Non-deterministic predictions of fatigue life using in-situ diagnostics and prognostics},
journal = {Engineering Fracture Mechanics},
volume = {229},
pages = {106903},
year = {2020},
issn = {0013-7944},
doi = {10.1016/j.engfracmech.2020.106903},
author = {Patrick E. Leser and James E. Warner and William P. Leser and Geoffrey F. Bomarito and John A. Newman and Jacob D. Hochhalter}
}

@article{mohammadi2021quality,
  title={Quality evaluation of digital twins generated based on {UAV} photogrammetry and {TLS}: {B}ridge case study},
  author={Mohammadi, Masoud and Rashidi, Maria and Mousavi, Vahid and Karami, Ali and Yu, Yang and Samali, Bijan},
  journal={Remote Sens},
  volume={13},
  number={17},
  pages={3499},
  year={2021},
  publisher={MDPI},
  doi = {10.3390/rs13173499}
}


@inproceedings{kaul2019digital, title={Digital {T}win for {R}eliability {A}nalysis {D}uring {D}esign and {O}peration of {M}echatronic {S}ystems}, number={29}, booktitle={Proc. 29th Eur. Saf. Reliab. Conf.}, author={Kaul, Thorben and Bender, Amelie and Sextro, Walter}, editor={Beer, Michael and Zio, Enrico}, year={2019}, pages={2340–2347}, doi = {10.3850/978-981-11-2724-3\_0876-cd}}

@article{kaewunruen2019digital,
  title={Digital twin aided sustainability-based lifecycle management for railway turnout systems},
  author={Kaewunruen, Sakdirat and Lian, Qiang},
  journal={J. Cleaner Prod.},
  volume={228},
  pages={1537--1551},
  year={2019},
  publisher={Elsevier},
  doi = {10.1016/j.jclepro.2019.04.156}
}

@article{de2023robust,
  title={Robust online updating of a digital twin with imprecise probability},
  author={De Angelis, Marco and Gray, Ander and Ferson, Scott and Patelli, Edoardo},
  journal={Mech. Syst. Signal Process.},
  volume={186},
  pages={109877},
  year={2023},
  publisher={Elsevier},
  doi = {10.1016/j.ymssp.2022.109877}
}

@inproceedings{balaji2016information,
author = {Balaji, Bharathan and Bhattacharya, Arka and Fierro, Gabriel and Gao, Jingkun and Gluck, Joshua and Hong, Dezhi and Johansen, Aslak and Koh, Jason and Ploennigs, Joern and Agarwal, Yuvraj and Berges, Mario and Culler, David and Gupta, Rajesh and Kj\ae{}rgaard, Mikkel Baun and Srivastava, Mani and Whitehouse, Kamin},
title = {Brick: Towards a Unified Metadata Schema For Buildings},
year = {2016},
isbn = {9781450342643},
OPTpublisher = {ACM},
OPTaddress = {New York, NY, USA},
booktitle = {Proc. 3rd ACM Int. Conf. Syst. Energy-Effic. Built Environ.},
pages = {41–50},
numpages = {10},
keywords = {Building Management, Schema, Metadata, Ontology, Smart Buildings},
series = {BuildSys '16}
}

@article{ANDRIAMAMONJY2018508,
title = {An auto-deployed model-based fault detection and diagnosis approach for Air Handling Units using {BIM} and {M}odelica},
journal = {Autom. Constr.},
volume = {96},
pages = {508-526},
year = {2018},
issn = {0926-5805},
doi = {10.1016/j.autcon.2018.09.016},
OPTURL = {https://www.sciencedirect.com/science/article/pii/S0926580518305338},
author = {Ando Andriamamonjy and Dirk Saelens and Ralf Klein},
keywords = {Fault Detection and Diagnosis (FDD), Building Information Model (BIM), Industry Foundation Class (IFC), Model based method, Modelica}
}

@article{YAN201875,
title = {Semi-supervised learning for early detection and diagnosis of various air handling unit faults},
journal = {Energy Build.},
volume = {181},
pages = {75-83},
year = {2018},
issn = {0378-7788},
doi = {10.1016/j.enbuild.2018.10.016},
OPTURL = {https://www.sciencedirect.com/science/article/pii/S0378778818320255},
author = {Ke Yan and Chaowen Zhong and Zhiwei Ji and Jing Huang},
keywords = {Air handling unit, Fault detection and diagnosis, Semi-supervised learning, Support vector machine}
}

@article{MONTAZERI2020101388,
title = {Fault detection and diagnosis in air handling using data-driven methods},
journal = {J. Build. Eng.},
volume = {31},
pages = {101388},
year = {2020},
issn = {2352-7102},
doi = {10.1016/j.jobe.2020.101388},
OPTURL = {https://www.sciencedirect.com/science/article/pii/S235271021931825X},
author = {Atena Montazeri and Seyed Mohamad Kargar},
keywords = {Fault detection and diagnosis (FDD), Principal component analysis (PCA), Kernel principal component analysis (KPCA), Radial basis function neural network (RBFNN), Support vector machines (SVMs), Air handling units (AHU)}
}

@article{SHOHET2020101176,
title = {Fault detection for non-condensing boilers using simulated building automation system sensor data},
journal = {Advanced Engineering Informatics},
volume = {46},
pages = {101176},
year = {2020},
issn = {1474-0346},
doi = {10.1016/j.aei.2020.101176},
OPTURL = {https://www.sciencedirect.com/science/article/pii/S1474034620301476},
author = {Rony Shohet and Mohamed S. Kandil and Yidan Wang and J.J. McArthur},
keywords = {Fault detection, Machine learning, Boiler emulator}
}

@article{GUO2017744,
title = {Modularized PCA method combined with expert-based multivariate decoupling for {FDD} in {VRF} systems including indoor unit faults},
journal = {Appl. Therm. Eng.},
volume = {115},
pages = {744-755},
year = {2017},
issn = {1359-4311},
doi = {10.1016/j.applthermaleng.2017.01.008},
OPTURL = {https://www.sciencedirect.com/science/article/pii/S1359431116328903},
author = {Yabin Guo and Guannan Li and Huanxin Chen and Yunpeng Hu and Haorong Li and Jiangyan Liu and Min Hu and Wenju Hu},
keywords = {Modularized principle component analysis, Fault detection and diagnosis, Indoor unit fault, Multivariable decoupling, Variable refrigerant flow air-conditioning system}
}

@article{DU20073221,
title = {Fault detection and diagnosis based on improved {PCA} with {JAA} method in {VAV} systems},
journal = {Build. Environ.},
volume = {42},
number = {9},
pages = {3221-3232},
year = {2007},
issn = {0360-1323},
doi = {10.1016/j.buildenv.2006.08.011},
OPTURL = {https://www.sciencedirect.com/science/article/pii/S0360132306002277},
author = {Zhimin Du and Xinqiao Jin and Lizhou Wu},
keywords = {VAV systems, Fault characteristic, Principal component analysis, Joint angle analysis, Sensor, Fixed and drifting biases}
}

@article{GAO201669,
title = {Fault detection and diagnosis method for cooling dehumidifier based on {LS-SVM} {NARX} model},
journal = {Int. J. Refrig.},
volume = {61},
pages = {69-81},
year = {2016},
issn = {0140-7007},
doi = {10.1016/j.ijrefrig.2015.08.020},
OPTURL = {https://www.sciencedirect.com/science/article/pii/S0140700715002741},
author = {Yunguang Gao and Shunbo Liu and Feng Li and Zhiguo Liu},
keywords = {Cooling dehumidifier, Fault diagnosis, \makeupper{HVAC}\&R device, NARX model, LS-SVM, Genetic algorithm, Déshumidificateur de refroidissement, Diagnostic de défaut, Dispositif \makeupper{HVAC}\&R, Modèle NARX, LS-SVM, Algorithme génétique},
}

@article{YANG2013132,
title = {A hybrid model-based fault detection strategy for air handling unit sensors},
journal = {Energy Build.},
volume = {57},
pages = {132-143},
year = {2013},
issn = {0378-7788},
doi = {10.1016/j.enbuild.2012.10.048},
OPTURL = {https://www.sciencedirect.com/science/article/pii/S0378778812005828},
author = {Xue-Bin Yang and Xin-Qiao Jin and Zhi-Min Du and Yong-Hua Zhu and Yi-Bo Guo},
keywords = {Air handling unit, Sensor, Fault detection, Fractal correlation dimension, Statistical residual}
}

@article{haruehansapong4167802deep, title={Deep Learning-Driven Automated Fault Detection and Diagnostics Based on a Contextual Environment: A Case Study of {HVAC} System}, volume={13}, ISSN={2075-5309}, OPTURL={http://dx.doi.org/10.3390/buildings13010027}, DOI={10.3390/buildings13010027}, number={1}, journal={Build.}, publisher={MDPI AG}, author={Haruehansapong, Kanjana and Roungprom, Wisit and Kliangkhlao, Mallika and Yeranee, Kirttayoth and Sahoh, Bukhoree}, year={2022}, month={Dec}, pages={27} }


@article{es2022review,
title = {Review of predictive maintenance algorithms applied to {HVAC} systems},
journal = {Energy Reports},
volume = {8},
pages = {1003-1012},
year = {2022},
note = {Technologies and Materials for Renewable Energy, Environment and Sustainability},
issn = {2352-4847},
doi = {10.1016/j.egyr.2022.07.130},
OPTURL = {https://www.sciencedirect.com/science/article/pii/S2352484722013944},
author = {Niima Es-sakali and Moha Cherkaoui and Mohamed Oualid Mghazli and Zakaria Naimi},
keywords = {Predictive maintenance, Machine learning, Deep learning, HVAC systems}
}

@article{LIN2020106505,
title = {Building fault detection and diagnostics: Achieved savings, and methods to evaluate algorithm performance},
journal = {Build. Environ.},
volume = {168},
pages = {106505},
year = {2020},
issn = {0360-1323},
doi = {https://doi.org/10.1016/j.buildenv.2019.106505},
OPTURL = {https://www.sciencedirect.com/science/article/pii/S0360132319307176},
author = {Guanjing Lin and Hannah Kramer and Jessica Granderson},
keywords = {Fault detection and diagnostics, Energy efficiency, Savings and costs, Performance evaluation, Algorithm testing, Data}
}

@inproceedings{tzanis2020hybrid,
  author={Tzanis, Nikolaos and Andriopoulos, Nikolaos and Magklaras, Aris and Mylonas, Eleftherios and Birbas, Michael and Birbas, Alexios},
  booktitle={2020 IEEE Conf. Ind. CyberPhys. Syst.}, 
  title={A Hybrid Cyber Physical Digital Twin Approach for Smart Grid Fault Prediction}, 
  year={2020},
  volume={1},
  number={},
  pages={393-397},
  doi={10.1109/ICPS48405.2020.9274723}}


@phdthesis{fahim2021predictive,
  title={Predictive maintenance of {HVAC} system using supervised machine learning algorithms},
  author={Fahim, Md and Ahmed, Zubayer and Roy, Tiash and Rakib, Mma and Sharar, Shihab},
  year={2021},
  school={Brac University}
}

@inproceedings{behraven2018,
  author={Behravan, Ali and Obermaisser, Roman and Basavegowda, Deepak Hanike and Meckel, Simon},
  booktitle={2018 Ann. IEEE Int. Syst. Conf.}, 
  title={Automatic model-based fault detection and diagnosis using diagnostic directed acyclic graph for a demand-controlled ventilation and heating system in {S}imulink}, 
  year={2018},
  volume={},
  number={},
  pages={1-7},
  doi={10.1109/SYSCON.2018.8369614}}



@article{liang2007model,
title = {Model-based Fault Detection and Diagnosis of {HVAC} systems using Support Vector Machine method},
journal = {Int. J. Refrig.},
volume = {30},
number = {6},
pages = {1104-1114},
year = {2007},
issn = {0140-7007},
doi = {10.1016/j.ijrefrig.2006.12.012},
OPTURL = {https://www.sciencedirect.com/science/article/pii/S0140700707000072},
author = {J. Liang and R. Du},
keywords = {Air conditioning, Process, Detection, Anomaly, Maintenance, Conditionnement d'air, Procédé, Détection, Anomalie, Maintenance}
}



@article{rafati2022fault, title={Fault Detection and Efficiency Assessment for {HVAC} Systems Using Non-Intrusive Load Monitoring: A Review}, volume={15}, ISSN={1996-1073}, OPTURL={http://dx.doi.org/10.3390/en15010341}, DOI={10.3390/en15010341}, number={1}, journal={Energies}, publisher={MDPI AG}, author={Rafati, Amir and Shaker, Hamid Reza and Ghahghahzadeh, Saman}, year={2022}, month={Jan}, pages={341} }

@inproceedings{nathalie2017hvac,
author = {Cauchi, Nathalie and Hoque, Khaza Anuarul and Abate, Alessandro and Stoelinga, Mari\"{e}lle},
title = {Efficient Probabilistic Model Checking of Smart Building Maintenance Using Fault Maintenance Trees},
year = {2017},
isbn = {9781450355445},
OPTpublisher = {ACM},
OPTaddress = {New York, NY, USA},
booktitle = {Proc. 4th Int. Conf. Syst. Energy-Effic. Built Environ.},
articleno = {24},
numpages = {10},
keywords = {formal modelling, building automation systems, probabilistic model checking, reliability, PRISM, fault maintenance trees},
location = {Delft, Netherlands},
series = {BuildSys '17}
}



@article{elnour2020sensor,
title = {Sensor data validation and fault diagnosis using Auto-Associative Neural Network for {HVAC} systems},
journal = {J. Build. Eng.},
volume = {27},
pages = {100935},
year = {2020},
issn = {2352-7102},
doi = {10.1016/j.jobe.2019.100935},
OPTURL = {https://www.sciencedirect.com/science/article/pii/S2352710219306011},
author = {Mariam Elnour and Nader Meskin and Mohammed Al-Naemi},
keywords = {Auto-associative neural network, Data validation, HVAC system, Sensor fault diagnosis}
}

@article{xue2020lidar,
  title={{From LiDAR point cloud towards digital twin city: Clustering city objects based on Gestalt principles}},
  author={Xue, Fan and Lu, Weisheng and Chen, Zhe and Webster, Christopher J},
  journal={ISPRS J. Photogramm. Remote Sens.},
  volume={167},
  pages={418--431},
  year={2020},
  publisher={Elsevier},
  doi = {10.1016/j.isprsjprs.2020.07.020}
}

@article{jiang2021digital,
  title={Digital twin and its implementations in the civil engineering sector},
  author={Jiang, Feng and Ma, Ling and Broyd, Tim and Chen, Ke},
  journal={Autom. Constr.},
  volume={130},
  pages={103838},
  year={2021},
  publisher={Elsevier},
  doi = {10.1016/j.autcon.2021.103838}
}

@incollection{wang2022digital,
  title={Digital twin-driven fault diagnosis service of rotating machinery},
  author={Wang, Jinjiang and Li, Yilin and Huang, Zuguang and Qiao, Qianzhe},
  booktitle={Digital Twin Driven Serv.},
  pages={119--138},
  year={2022},
  publisher={Elsevier},
  doi = {10.1016/B978-0-323-91300-3.00004-8}
}

@article{wu2023high,
  title={{High Fidelity Digital Twin-Based Anomaly Detection and Localization for Smart Water Grid Operation Management}},
  author={Wu, Zheng Yi and Chew, Alvin and Meng, Xue and Cai, Jianping and Pok, Jocelyn and Kalfarisi, Rony and Lai, Kah Cheong and Hew, Sock Fang and Wong, Jia Jie},
  journal={Sustainable Cities Soc.},
  volume={91},
  pages={104446},
  year={2023},
  publisher={Elsevier},
  doi = {10.1016/j.scs.2023.104446}
}

@article{macher2017point, title={From {P}oint {C}louds to {B}uilding {I}nformation {M}odels: 3{D} {S}emi-{A}utomatic {R}econstruction of {I}ndoors of {E}xisting {B}uildings}, volume={7}, ISSN={2076-3417}, OPTURL={http://dx.doi.org/10.3390/app7101030}, DOI={10.3390/app7101030}, number={10}, journal={Appl. Sci.}, publisher={MDPI AG}, author={Macher, Hélène and Landes, Tania and Grussenmeyer, Pierre}, year={2017}, month={Oct}, pages={1030} }

@article{kim2018review,
author = {Woohyun Kim and Srinivas Katipamula},
title = {A review of fault detection and diagnostics methods for building systems},
journal = {Sci. Technol. Built Environ.},
volume = {24},
number = {1},
pages = {3-21},
year  = {2018},
publisher = {Taylor \& Francis},
doi = {10.1080/23744731.2017.1318008},
OPTURL = {https://doi.org/10.1080/23744731.2017.1318008 }}


@incollection{sommer2019automatic,
  title={Automatic generation of digital twin based on scanning and object recognition},
  author={Sommer, Markus and Stjepandi{\'c}, Josip and Stobrawa, Sebastian and von Soden, Moritz},
  booktitle={Transdisciplinary Eng. Complex Socio-Tech. Syst.},
  pages={645--654},
  year={2019},
  publisher={IOS Press},
  doi = {10.3233/ATDE190174}
}

@inproceedings{hichri2013point,
  title={From point cloud to {BIM}: {A} survey of existing approaches},
  author={Hichri, Nouha and Stefani, Chiara and De Luca, Livio and Veron, Philippe and Hamon, Gael},
  booktitle={XXIV Int. CIPA Symp.},
  pages={},
  year={2013},
  organization={Proceedings of the XXIV International CIPA Symposium},
  doi = {10.5194/isprsarchives-XL-5-W2-343-2013}
}

@article{pan2021bim,
  title={A {BIM}-data mining integrated digital twin framework for advanced project management},
  author={Pan, Yue and Zhang, Limao},
  journal={Autom. Constr.},
  volume={124},
  pages={103564},
  year={2021},
  publisher={Elsevier},
  doi = {10.1016/j.autcon.2021.103564}
}

@article{arayici2008bim,
author = {Arayici, Yusuf},
year = {2008},
month = {07},
pages = {210-222},
title = {Towards building information modelling for existing structures},
volume = {26},
journal = {Struct. Surv.},
doi = {10.1108/02630800810887108}
}

@ARTICLE{khajavi2019bim,  author={Khajavi, Siavash H. and Motlagh, Naser Hossein and Jaribion, Alireza and Werner, Liss C. and Holmström, Jan},  journal={IEEE Access},   title={Digital {T}win: {V}ision, {B}enefits, {B}oundaries, and Creation for Buildings},   year={2019},  volume={7},  number={},  pages={147406-147419},  doi={10.1109/ACCESS.2019.2946515}}



@inproceedings{staino2018monte,
  author={Staino, Andrea and Abou-Eid, Rami and Dersin, Pierre},
  booktitle={2018 IEEE Int. Conf. Progn. Health Manage.}, 
  title={A {Monte-Carlo} approach for prognostics of clogging process in {HVAC} filters using a hybrid strategy a real case study in railway systems}, 
  year={2018},
  volume={},
  number={},
  pages={1-8},
  doi={10.1109/ICPHM.2018.8448706}}


@article{werner2019twin,
title = {Approach for a Holistic Predictive Maintenance Strategy by Incorporating a Digital Twin},
journal = {Procedia Manuf.},
volume = {39},
pages = {1743-1751},
year = {2019},
issn = {2351-9789},
doi = {10.1016/j.promfg.2020.01.265},
OPTURL = {https://www.sciencedirect.com/science/article/pii/S2351978920303292},
author = {Andreas Werner and Nikolas Zimmermann and Joachim Lentes},
keywords = {Predictive Maintenance, Remaining Useful Life, Data continuity, Process map, Digital Twin}
}



@ARTICLE{wang2017auto,
  author={Wang, Peng and Gao, Robert X.},
  journal={IEEE Transactions on Automation Science and Engineering}, 
  title={Automated Performance Tracking for Heat Exchangers in {HVAC}}, 
  year={2017},
  volume={14},
  number={2},
  pages={634-645},
  doi={10.1109/TASE.2017.2666184}}




@article{MERAGHNI20212555,
title = {A data-driven digital-twin prognostics method for proton exchange membrane fuel cell remaining useful life prediction},
journal = {Int. J. Hydrogen Energy},
volume = {46},
number = {2},
pages = {2555-2564},
year = {2021},
issn = {0360-3199},
doi = {10.1016/j.ijhydene.2020.10.108},
OPTURL = {https://www.sciencedirect.com/science/article/pii/S0360319920339252},
author = {Safa Meraghni and Labib Sadek Terrissa and Meiling Yue and Jian Ma and Samir Jemei and Noureddine Zerhouni},
keywords = {Deep learning, Digital twin, Prognostics, Proton exchange membrane fuel cell, Remaining useful life}
}

@article{wang2021assembly,
  title={An assembly precision analysis method based on a general part digital twin model},
  author={Wang, Ke and Liu, Daxin and Liu, Zhenyu and Wang, Qide and Tan, Jianrong},
  journal={Rob. Comput. Integr. Manuf.},
  volume={68},
  pages={102089},
  year={2021},
  publisher={Elsevier}
}

@article{ANTONELLI2016649,
title = {On the influence of feature selection in fuzzy rule-based regression model generation},
journal = {Inf. Sci.},
volume = {329},
pages = {649-669},
year = {2016},
issn = {0020-0255},
doi = {10.1016/j.ins.2015.09.045},
OPTURL = {https://www.sciencedirect.com/science/article/pii/S0020025515007008},
author = {Michela Antonelli and Pietro Ducange and Francesco Marcelloni and Armando Segatori},
keywords = {Fuzzy rule-based systems, Feature selection, Multi-objective evolutionary fuzzy rule-based systems, Fuzzy mutual information, Regression problems, High dimensional datasets},
}

@inproceedings{zhang2020smart,
  author={Zhang, Ganghong and Huo, Chao and Zheng, Libin and Li, Xinjun},
  booktitle={2020 3rd Int. Conf. Artif. Intell. Big Data}, 
  title={{An Architecture Based on Digital Twins for Smart Power Distribution System}}, 
  year={2020},
  volume={},
  number={},
  pages={29-33},
  doi={10.1109/ICAIBD49809.2020.9137461}}


@inproceedings{lermer2019creation,
  title={Creation of digital twins by combining fuzzy rules with artificial neural networks},
  author={Lermer, Matthias and Reich, Christoph},
  booktitle={IECON 2019-45th Annu. Conf. IEEE Ind. Electron. Soc.},
  volume={1},
  pages={5849--5854},
  year={2019},
  organization={IEEE},
  doi = {10.1109/IECON.2019.8926914}
}

@article{moi2020twin,
title = {Digital twin based condition monitoring of a knuckle boom crane: An experimental study},
journal = {Eng. Fail. Anal.},
volume = {112},
pages = {104517},
year = {2020},
issn = {1350-6307},
doi = {10.1016/j.engfailanal.2020.104517},
OPTURL = {https://www.sciencedirect.com/science/article/pii/S1350630719315742},
author = {Torbjørn Moi and Andrej Cibicik and Terje Rølvåg},
keywords = {Cranes, Fatigue data, Finite element analysis, Load history, Strain gauging}
}

@article{alves2021digital,
  title={Digital {T}wins of the {W}ater {C}ooling {S}ystem in a {P}ower {P}lant {B}ased on {F}uzzy {L}ogic},
  author={Alves de Araujo Junior, Carlos Antonio and Mauricio Villanueva, Juan Moises and Almeida, Rodrigo Jos{\'e} Silva de and Azevedo de Medeiros, Isaac Emmanuel},
  journal={Sens.},
  volume={21},
  number={20},
  pages={6737},
  year={2021},
  publisher={MDPI},
  doi = {10.3390/s21206737}
}

@article{hodavand2023digital,
  title={Digital {T}win for {F}ault {D}etection and {D}iagnosis of {B}uilding {O}perations: A {S}ystematic {R}eview},
  author={Hodavand, Faeze and Ramaji, Issa J and Sadeghi, Naimeh},
  journal={Build.},
  volume={13},
  number={6},
  pages={1426},
  year={2023},
  publisher={MDPI},
  doi = {10.3390/buildings13061426}
}



@article{chen2021digital,
  title={Digital twin for federated analytics using a {B}ayesian approach},
  author={Chen, Dawei and Wang, Dan and Zhu, Yifei and Han, Zhu},
  journal={IEEE Internet of Things Journal},
  volume={8},
  number={22},
  pages={16301--16312},
  year={2021},
  publisher={IEEE}
}

@misc{ma2023twin,
      title={{State-of-the-Art Review and Synthesis: A Requirement-based Roadmap for Standardized Predictive Maintenance Automation Using Digital Twin Technologies}}, 
      author={Ma, Sizhe and Flanigan, Katherine A. and Bergés, Mario},
      year={2023},
      doi = {10.48550/arXiv.2311.06993}
}



@article{zhou2022real,
  title={Real-time prediction of probabilistic crack growth with a helicopter component digital twin},
  author={Zhou, Xuan and He, Shuangxin and Dong, Leiting and Atluri, Satya N},
  journal={AIAA J.},
  volume={60},
  number={4},
  pages={2555--2567},
  year={2022},
  publisher={American Institute of Aeronautics and Astronautics},
  doi = {10.2514/1.J060890}
}



@article{hu2012chiller,
title = {Chiller sensor fault detection using a self-Adaptive Principal Component Analysis method},
journal = {Energy Build.},
volume = {54},
pages = {252-258},
year = {2012},
issn = {0378-7788},
doi = {10.1016/j.enbuild.2012.07.014},
OPTURL = {https://www.sciencedirect.com/science/article/pii/S0378778812003416},
author = {Yunpeng Hu and Huanxin Chen and Junlong Xie and Xiaoshuang Yang and Cheng Zhou},
keywords = {Sensor fault, Detection efficiency, Self-adaptive, Principal Component Analysis, Chiller}
}

@article{hosamo2022digital,
title = {A {D}igital {T}win predictive maintenance framework of air handling units based on automatic fault detection and diagnostics},
journal = {Energy Build.},
volume = {261},
pages = {111988},
year = {2022},
issn = {0378-7788},
doi = {10.1016/j.enbuild.2022.111988},
OPTURL = {https://www.sciencedirect.com/science/article/pii/S0378778822001591},
author = {Haidar Hosamo Hosamo and Paul Ragnar Svennevig and Kjeld Svidt and Daguang Han and Henrik Kofoed Nielsen},
keywords = {Digita twin, Facility management, Internet of things, Predictive maintenance, APAR, Air handling unit}
}

@article{roy2020digital,
  title={Digital twin: Current scenario and a case study on a manufacturing process},
  author={Roy, Rohan Basu and Mishra, Debasish and Pal, Surjya K and Chakravarty, Tapas and Panda, Satanik and Chandra, M Girish and Pal, Arpan and Misra, Prateep and Chakravarty, Debashish and Misra, Sudip},
  journal={Int. J. Adv. Manuf. Technol.},
  volume={107},
  pages={3691--3714},
  year={2020},
  publisher={Springer},
  doi = {10.1007/s00170-020-05306-w}
}

@article{bandari2021comprehensive,
  title={A Comprehensive Review of {AI} Applications in Automated Container Orchestration, Predictive Maintenance, Security and Compliance, Resource Optimization, and Continuous Deployment and Testing},
  author={Bandari, Vamsikrishna},
  journal={Int. J. Intell. Syst. Autom. Comput.},
    doi = {10.17613/hn0y-pr53},
    OPTURL = {https://hcommons.org/deposits/item/hc:51467/},
  volume={4},
  number={1},
  pages={1--19},
  year={2021}
}

@techreport{frederick2007user,
  title={User's guide for the commercial modular aero-propulsion system simulation ({C-MAPSS})},
  author={Frederick, Dean K and DeCastro, Jonathan A and Litt, Jonathan S},
  year={2007},
  institution = {NASA}
}

@BOOK{national2016commercial,
  author    = "National Academies of Sciences, Engineering, Medicine",
  title     = "{Commercial Aircraft Propulsion and Energy Systems Research: Reducing Global Carbon Emissions}",
  isbn      = "978-0-309-44096-7",
  doi       = "10.17226/23490",
  year      = 2016,
  publisher = "The National Academies Press",
  address   = "Washington, DC"
}



@article{al2023data,
author = {Raid Al-Aomar and Marah AlTal and Jochen Abel},
title = {A data-driven predictive maintenance model for hospital {HVAC} system with machine learning},
journal = {Building Research \& Information},
volume = {0},
number = {0},
pages = {1-18},
year  = {2023},
publisher = {Routledge},
doi = {10.1080/09613218.2023.2206989},
OPTURL = {https://doi.org/10.1080/09613218.2023.2206989},
eprint = {https://doi.org/10.1080/09613218.2023.2206989}
}


@article{mirnaghi2020fault,
title = {Fault detection and diagnosis of large-scale {HVAC} systems in buildings using data-driven methods: A comprehensive review},
journal = {Energy Build.},
volume = {229},
pages = {110492},
year = {2020},
issn = {0378-7788},
doi = {10.1016/j.enbuild.2020.110492},
OPTURL = {https://www.sciencedirect.com/science/article/pii/S037877882031327X},
author = {Maryam Sadat Mirnaghi and Fariborz Haghighat},
keywords = {Large-scale HVAC system, Fault detection and diagnosis, Data-driven model, Supervised data-mining method, Unsupervised data-mining method}
}



@article{yan2018cost,
title = {Cost-sensitive and sequential feature selection for chiller fault detection and diagnosis},
journal = {Int. J. Refrig.},
volume = {86},
pages = {401-409},
year = {2018},
issn = {0140-7007},
doi = {10.1016/j.ijrefrig.2017.11.003},
OPTURL = {https://www.sciencedirect.com/science/article/pii/S0140700717304449},
author = {Ke Yan and Lulu Ma and Yuting Dai and Wen Shen and Zhiwei Ji and Dongqing Xie},
keywords = {Chiller, Fault detection and diagnosis, Sequential feature selection, Support vector machine, Refroidisseur, Détection et diagnostic des défaillances, Sélection des fonctions séquentielles, Machine à vecteurs de support}
}

@article{he2016fault,
title = {Fault detection and diagnosis of chiller using {B}ayesian network classifier with probabilistic boundary},
journal = {Appl. Therm. Eng.},
volume = {107},
pages = {37-47},
year = {2016},
issn = {1359-4311},
doi = {10.1016/j.applthermaleng.2016.06.153},
OPTURL = {https://www.sciencedirect.com/science/article/pii/S1359431116310675},
author = {Suowei He and Zhiwei Wang and Zhanwei Wang and Xiaowei Gu and Zengfeng Yan},
keywords = {Probabilistic boundary, Site information, Bayesian network, Chiller, Fault detection and diagnosis}
}


@inproceedings{byington2002prognostic,
  author={Byington, C.S. and Roemer, M.J. and Galie, T.},
  booktitle={Proc. IEEE Aerosp. Conf.}, 
  title={Prognostic enhancements to diagnostic systems for improved condition-based maintenance [military aircraft]}, 
  year={2002},
  volume={6},
  number={},
  pages={6-6},
  doi={10.1109/AERO.2002.1036120}}



@article{venkatasubramanian2003review,
title = {A review of process fault detection and diagnosis: Part {II}: Qualitative models and search strategies},
journal = {Comput. Chem. Eng.},
volume = {27},
number = {3},
pages = {313-326},
year = {2003},
issn = {0098-1354},
doi = {10.1016/S0098-1354(02)00161-8},
OPTURL = {https://www.sciencedirect.com/science/article/pii/S0098135402001618},
author = {Venkat Venkatasubramanian and Raghunathan Rengaswamy and Surya N Kavuri},
keywords = {Symptomatic search, Topographic search},
}

@article{lana2021data, title={From {D}ata to {A}ctions in {I}ntelligent {T}ransportation {S}ystems: {A} {P}rescription of {F}unctional {R}equirements for {M}odel {A}ctionability}, volume={21}, ISSN={1424-8220}, OPTURL={http://dx.doi.org/10.3390/s21041121}, DOI={10.3390/s21041121}, number={4}, journal={Sens.}, publisher={MDPI AG}, author={Laña, Ibai and Sanchez-Medina, Javier J. and Vlahogianni, Eleni I. and Del Ser, Javier}, year={2021}, month={Feb}, pages={1121} }

@article{rohani2011prediction,
title = {Prediction of tractor repair and maintenance costs using Artificial Neural Network},
journal = {Expert Systems with Applications},
volume = {38},
number = {7},
pages = {8999-9007},
year = {2011},
issn = {0957-4174},
doi = {https://doi.org/10.1016/j.eswa.2011.01.118},
OPTURL = {https://www.sciencedirect.com/science/article/pii/S0957417411001382},
author = {Abbas Rohani and Mohammad Hossein Abbaspour-Fard and Shamsolla Abdolahpour},
keywords = {ANN, BDLRF algorithm, Basic Back-propagation, Repair and maintenance cost}
}

@article{yucesan2020physics,
  title={A physics-informed neural network for wind turbine main bearing fatigue},
  author={Yucesan, Yigit A and Viana, Felipe AC},
  journal={Int. J. Progn. Health Manage.},
  volume={11},
  number={1},
  year={2020},
  doi = {10.36001/ijphm.2020.v11i1.2594}
}



@ARTICLE{vianna2017predictive,
  author={Vianna, Wlamir Olivares Loesch and Yoneyama, Takashi},
  journal={IEEE Syst. J.}, 
  title={Predictive Maintenance Optimization for Aircraft Redundant Systems Subjected to Multiple Wear Profiles}, 
  year={2018},
  volume={12},
  number={2},
  pages={1170-1181},
  doi={10.1109/JSYST.2017.2667232}}



@incollection{mobley2002introduction,
title = {4 - Benefits of Predictive Maintenance},
editor = {R. Keith Mobley},
booktitle = {An Introduction to Predictive Maintenance},
publisher = {Butterworth-Heinemann},
edition = {2},
pages = {60-73},
year = {2002},
doi = {10.1016/B978-075067531-4/50004-X},
author = {R. Keith Mobley}
}
comment = {OPTURL = {https://www.sciencedirect.com/science/article/pii/B978075067531450004X}},
address = {BOPTURLington},
isbn = {978-0-7506-7531-4},

@article{das2020data,
author = {Sandeep Das  and Subhrajit Dutta  and Chandrasekhar Putcha  and Shubhankar Majumdar  and Dibyendu Adak },
title = {A Data-Driven Physics-Informed Method for Prognosis of Infrastructure Systems: Theory and Application to Crack Prediction} ,
journal = {ASCE-ASME J. Risk Uncertainty Eng. Syst. Part A: Civ. Eng.},
volume = {6},
number = {2},
pages = {04020013},
year = {2020},
doi = {10.1061/AJRUA6.0001053},

OPTURL = {https://ascelibrary.org/doi/abs/10.1061/AJRUA6.0001053},
eprint = {https://ascelibrary.org/doi/pdf/10.1061/AJRUA6.0001053}
}


@article{zhou2017novel,
  title={A novel multimode fault classification method based on deep learning},
  author={Zhou, Funa and Gao, Yulin and Wen, Chenglin},
  journal={Journal of Control Science and Engineering},
  volume={2017},
  year={2017},
  publisher={Hindawi},
  doi = {10.1155/2017/3583610}
}


@STANDARD{TaxonomyAD,
  author = {},
  title = {Taxonomy and definitions for terms related to driving automation systems for on-road motor vehicles},
  type = {},
  number = {},
  year = {2014},
  institution = {SAE International}
}


@inproceedings{vollert2021interpretable,
  author={Vollert, Simon and Atzmueller, Martin and Theissler, Andreas},
  booktitle={2021 26th IEEE Int. Conf. Emerging Technol. Factory Autom.}, 
  title={Interpretable Machine Learning: A brief survey from the predictive maintenance perspective}, 
  year={2021},
  volume={},
  number={},
  pages={1-8},
  doi={10.1109/ETFA45728.2021.9613467}}


@article{arrieta2020explainable,
title = {Explainable {Artificial} {Intelligence} {(XAI)}: {Concepts}, taxonomies, opportunities and challenges toward responsible {AI}},
journal = {Inf. Fusion},
volume = {58},
pages = {82-115},
year = {2020},
issn = {1566-2535},
doi = {10.1016/j.inffus.2019.12.012},
OPTURL = {https://www.sciencedirect.com/science/article/pii/S1566253519308103},
author = {Alejandro {Barredo Arrieta} and Natalia Díaz-Rodríguez and Javier {Del Ser} and Adrien Bennetot and Siham Tabik and Alberto Barbado and Salvador Garcia and Sergio Gil-Lopez and Daniel Molina and Richard Benjamins and Raja Chatila and Francisco Herrera},
keywords = {Explainable Artificial Intelligence, Machine Learning, Deep Learning, Data Fusion, Interpretability, Comprehensibility, Transparency, Privacy, Fairness, Accountability, Responsible Artificial Intelligence}
}




@article{hermoso2013data,
  title={Data acquisition for conservation assessments: is the effort worth it?},
  author={Hermoso, Virgilio and Kennard, Mark J and Linke, Simon},
  journal={PloS one},
  volume={8},
  number={3},
  pages={e59662},
  year={2013},
  publisher={Public Library of Science San Francisco, USA},
  doi = {10.1371/journal.pone.0059662}
}



@article{zenisek2019machine,
title = {Machine learning based concept drift detection for predictive maintenance},
journal = {Comput. Ind. Eng.},
volume = {137},
pages = {106031},
year = {2019},
issn = {0360-8352},
doi = {10.1016/j.cie.2019.106031},
OPTURL = {https://www.sciencedirect.com/science/article/pii/S0360835219304905},
author = {Jan Zenisek and Florian Holzinger and Michael Affenzeller},
keywords = {Predictive maintenance, Machine learning, Concept drift detection, Time series regression, Industrial radial fans}
}

@article{gama2014survey,
author = {Gama, Jo\~{a}o and \v{Z}liobaitundefined, Indrundefined and Bifet, Albert and Pechenizkiy, Mykola and Bouchachia, Abdelhamid},
title = {A Survey on Concept Drift Adaptation},
year = {2014},
issue_date = {April 2014},
publisher = {ACM},
address = {New York, NY, USA},
volume = {46},
number = {4},
issn = {0360-0300},
OPTURL = {https://doi.org/10.1145/2523813},
doi = {10.1145/2523813},
journal = {ACM Comput. Surv.},
month = {mar},
articleno = {44},
numpages = {37},
keywords = {change detection, adaptive learning, Concept drift, data streams}
}



@ARTICLE{zhang2019data,
  author={Zhang, Weiting and Yang, Dong and Wang, Hongchao},
  journal={IEEE Syst. J.}, 
  title={Data-Driven Methods for Predictive Maintenance of Industrial Equipment: A Survey}, 
  year={2019},
  volume={13},
  number={3},
  pages={2213-2227},
  doi={10.1109/JSYST.2019.2905565}}


@article{sakr2016towards,
title = {Towards a Comprehensive Data Analytics Framework for Smart Healthcare Services},
journal = {Big Data Res.},
volume = {4},
pages = {44-58},
year = {2016},
issn = {2214-5796},
doi = {10.1016/j.bdr.2016.05.002},
OPTURL = {https://www.sciencedirect.com/science/article/pii/S221457961530023X},
author = {Sherif Sakr and Amal Elgammal}
}


@inproceedings{gigoni2019scalable,
  author={Gigoni, Lorenzo and Betti, Alessandro and Tucci, Mauro and Crisostomi, Emanuele},
  booktitle={2019 IEEE Power Energy Soc. Gen. Meet.}, 
  title={A Scalable Predictive Maintenance Model for Detecting Wind Turbine Component Failures Based on SCADA Data}, 
  year={2019},
  volume={},
  number={},
  pages={1-5},
  doi={10.1109/PESGM40551.2019.8973898}}



@ARTICLE{shao2019transfer,
  author={Shao, Siyu and McAleer, Stephen and Yan, Ruqiang and Baldi, Pierre},
  journal={IEEE Trans. Ind. Inf.}, 
  title={Highly Accurate Machine Fault Diagnosis Using Deep Transfer Learning}, 
  year={2019},
  volume={15},
  number={4},
  pages={2446-2455},
  doi={10.1109/TII.2018.2864759}}


@article{yang2014wind,
  title={Wind turbine condition monitoring: technical and commercial challenges},
  author={Yang, Wenxian and Tavner, Peter J and Crabtree, Christopher J and Feng, Yanhui and Qiu, Yingning},
  journal={Wind energy},
  volume={17},
  number={5},
  pages={673--693},
  year={2014},
  publisher={Wiley Online Library}
}



@article{van2013dynamic,
title = {A dynamic predictive maintenance policy for complex multi-component systems},
journal = {Reliab. Eng. Syst. Saf.},
volume = {120},
pages = {39-50},
year = {2013},
issn = {0951-8320},
doi = {10.1016/j.ress.2013.02.029},
OPTURL = {https://www.sciencedirect.com/science/article/pii/S0951832013000732},
author = {Adriaan {Van Horenbeek} and Liliane Pintelon},
keywords = {Maintenance optimization, Predictive maintenance policy, Multi-component system, Maintenance grouping}
}

@book{goodfellow2017deep,
    title={Deep Learning},
    author={Ian Goodfellow and Yoshua Bengio and Aaron Courville},
    publisher={MIT Press},
    year={2016}
}
note={\OPTURL{http://www.deeplearningbook.org}},


@article{onaji2022frame,
author = {Igiri Onaji and Divya Tiwari and Payam Soulatiantork and Boyang Song and Ashutosh Tiwari},
title = {Digital twin in manufacturing: conceptual framework and case studies},
journal = {Int. J. Comput. Integr. Manuf.},
volume = {35},
number = {8},
pages = {831-858},
year  = {2022},
publisher = {Taylor \& Francis},
doi = {10.1080/0951192X.2022.2027014},
OPTURL = {    
        https://doi.org/10.1080/0951192X.2022.2027014
},
}

@article{sana2022frame, title={Digital Twin Technology Challenges and Applications: A Comprehensive Review}, volume={14}, ISSN={2072-4292}, DOI={10.3390/rs14061335}, number={6}, journal={Remote Sens.}, publisher={MDPI AG}, author={Botín-Sanabria, Diego M. and Mihaita, Adriana-Simona and Peimbert-García, Rodrigo E. and Ramírez-Moreno, Mauricio A. and Ramírez-Mendoza, Ricardo A. and Lozoya-Santos, Jorge de J.}, year={2022}, month={Mar}, pages={1335} }





@misc{de2020physics,
      title={Physics-informed machine learning for sensor fault detection with flight test data}, 
      author={Brian M. de Silva and Jared Callaham and Jonathan Jonker and Nicholas Goebel and Jennifer Klemisch and Darren McDonald and Nathan Hicks and J. Nathan Kutz and Steven L. Brunton and Aleksandr Y. Aravkin},
      year={arXiv:2006.13380, 2020},
}

@article{tuegel2011reengineering,
  title={Reengineering aircraft structural life prediction using a digital twin},
  author={Tuegel, Eric J and Ingraffea, Anthony R and Eason, Thomas G and Spottswood, S Michael},
  journal={Int. J. Aerosp. Eng.	},
  volume={2011},
  year={2011},
  publisher={Hindawi},
  doi = {10.1155/2011/154798}
}

@inproceedings{cheng2018novel,
  author={Cheng, Liye and Sun, Chen and Huang, Yun and Zhou, Zhenwei},
  booktitle={2018 Progn. Syst. Health. Manage. Conf.}, 
  title={Novel Fault Diagnostic Technology for Aviation General Processing Module}, 
  year={2018},
  volume={},
  number={},
  pages={260-263},
  doi={10.1109/PHM-Chongqing.2018.00051}}





@article{yang2011novel,
title = {A novel model-based fault detection method for temperature sensor using fractal correlation dimension},
journal = {Build. Environ.},
volume = {46},
number = {4},
pages = {970-979},
year = {2011},
issn = {0360-1323},
doi = {10.1016/j.buildenv.2010.10.030},
OPTURL = {https://www.sciencedirect.com/science/article/pii/S0360132310003227},
author = {Xue-Bin Yang and Xin-Qiao Jin and Zhi-Min Du and Yong-Hua Zhu},
keywords = {Fault detection, Fractal correlation dimension, Noise, Temperature sensor, Air handling unit}
}

@article{wu2011cross,
title = {Cross-level fault detection and diagnosis of building {HVAC} systems},
journal = {Build. Environ.},
volume = {46},
number = {8},
pages = {1558-1566},
year = {2011},
issn = {0360-1323},
doi = {10.1016/j.buildenv.2011.01.017},
OPTURL = {https://www.sciencedirect.com/science/article/pii/S0360132311000278},
author = {Siyu Wu and Jian-Qiao Sun},
keywords = {Building energy efficiency, HVAC system, Spatial and temporal partitions, Cross-level fault detection}
}



@article{wang2018enhanced,
title = {Enhanced chiller fault detection using {B}ayesian network and principal component analysis},
journal = {Appl. Therm. Eng.},
volume = {141},
pages = {898-905},
year = {2018},
issn = {1359-4311},
doi = {10.1016/j.applthermaleng.2018.06.037},
OPTURL = {https://www.sciencedirect.com/science/article/pii/S1359431118323627},
author = {Zhanwei Wang and Lin Wang and Kunfeng Liang and Yingying Tan},
keywords = {Bayesian network, Chiller, Combination, Fault detection, Principal component analysis, Residual}
}




@article{rijal2021development,
author = {Hom B. Rijal and Kazui Yoshida and Michael A. Humphreys and J. Fergus Nicol},
title = {Development of an adaptive thermal comfort model for energy-saving building design in {J}apan},
journal = {Archit. Sci. Rev.},
volume = {64},
number = {1-2},
pages = {109-122},
year  = {2021},
publisher = {Taylor \& Francis},
doi = {10.1080/00038628.2020.1747045},
OPTURL = {https://doi.org/10.1080/00038628.2020.1747045}
}



@article{elnaklah2021moving,
title = {Moving to a green building: Indoor environment quality, thermal comfort and health},
journal = {Build. Environ.},
volume = {191},
pages = {107592},
year = {2021},
issn = {0360-1323},
doi = {10.1016/j.buildenv.2021.107592},
OPTURL = {https://www.sciencedirect.com/science/article/pii/S0360132321000081},
author = {Rana Elnaklah and Ian Walker and Sukumar Natarajan},
keywords = {Green building codes, Perceived comfort, Sick building syndrome, Thermal comfort, Jordan}
}

@article{hosseini2021knowledge, title={Knowledge Discovery by Analyzing the State of the Art of Data-Driven Fault Detection and Diagnostics of Building {HVAC}}, volume={2}, ISSN={2673-4109}, DOI={10.3390/civileng2040053}, number={4}, journal={CivilEng}, publisher={MDPI AG}, author={Hosseini Gourabpasi, Arash and Nik-Bakht, Mazdak}, year={2021}, month={Nov}, pages={986–1008} }
OPTURL={http://dx.doi.org/10.3390/civileng2040053},




@Article{meas2022explainability,
AUTHOR = {Meas, Molika and Machlev, Ram and Kose, Ahmet and Tepljakov, Aleksei and Loo, Lauri and Levron, Yoash and Petlenkov, Eduard and Belikov, Juri},
TITLE = {Explainability and Transparency of Classifiers for Air-Handling Unit Faults Using Explainable Artificial Intelligence ({XAI})},
JOURNAL = {Sens.},
VOLUME = {22},
YEAR = {2022},
NUMBER = {17},
pages = {6338},
OPTURL = {https://www.mdpi.com/1424-8220/22/17/6338},
PubMedID = {36080795},
ISSN = {1424-8220},
DOI = {10.3390/s22176338}
}

@inproceedings{aniket2016robust,
author = {Chakrabarti, Aniket and Marwah, Manish and Arlitt, Martin},
title = {Robust Anomaly Detection for Large-Scale Sensor Data},
year = {2016},
OPTpublisher = {ACM},
OPTaddress = {New York, NY, USA},
booktitle = {Proc. 3rd ACM Int. Conf. Syst. Energy-Effic. Built Environ.},
pages = {31–40},
numpages = {10},
keywords = {Anomaly detection, graphical models, belief propagation, sensors},
location = {Palo Alto, CA, USA},
series = {BuildSys '16}
}


@article{wang2016robust,
title = {A robust fault detection and diagnosis strategy for multiple faults of VAV air handling units},
journal = {Energy Build.},
volume = {127},
pages = {442-451},
year = {2016},
issn = {0378-7788},
doi = {10.1016/j.enbuild.2016.06.013},
OPTURL = {https://www.sciencedirect.com/science/article/pii/S0378778816305023},
author = {Haitao Wang and Youming Chen},
keywords = {Air handling unit, Multiple faults, Fault detection and diagnosis, Residual-based EWMA control chart, Expert rule}
}



@article{wang2021fault,
title = {Fault detection and diagnosis for multiple faults of VAV terminals using self-adaptive model and layered random forest},
journal = {Build. Environ.},
volume = {193},
pages = {107667},
year = {2021},
issn = {0360-1323},
doi = {10.1016/j.buildenv.2021.107667},
OPTURL = {https://www.sciencedirect.com/science/article/pii/S0360132321000780},
author = {Haitao Wang and Daoguang Feng and Kai Liu},
keywords = {Fault detection and diagnosis, VAV terminal, Multiple faults, Self-adaptive model, Random forest}
}


@misc{georgescu2017whole,
      title={Whole-Building Fault Detection: A Scalable Approach Using Spectral Methods}, 
      author={Michael Georgescu and Sophie Loire and Don Kasper and Igor Mezic},
      year={2017},
      eprint={1703.07048},
      archivePrefix={arXiv},
      primaryClass={cs.SY}
}

@article{zhao2015diagnostic,
  title={Diagnostic {B}ayesian networks for diagnosing air handling units faults--Part II: Faults in coils and sensors},
  author={Zhao, Yang and Wen, Jin and Wang, Shengwei},
  journal={Applied Thermal Engineering},
  volume={90},
  pages={145--157},
  year={2015},
  publisher={Elsevier}
}


@article{riba2021line, title={On-Line Remaining Useful Life Estimation of Power Connectors Focused on Predictive Maintenance}, volume={21}, ISSN={1424-8220}, OPTURL={http://dx.doi.org/10.3390/s21113739}, DOI={10.3390/s21113739}, number={11}, journal={Sens.}, publisher={MDPI AG}, author={Riba, Jordi-Roger and G\'{o}mez-Pau, \'{A}lvaro and Mart\'{i}nez, Jimmy and Moreno-Eguilaz, Manuel}, year={2021}, month={May}, pages={3739} }



@article{hruz2020innovative,
title = {Innovative changes in maintenance strategies of {ATO}’s aircraft based on their operational status},
journal = {Transp. Res. Procedia},
volume = {51},
pages = {261-270},
year = {2020},
issn = {2352-1465},
doi = {10.1016/j.trpro.2020.11.029},
OPTURL = {https://www.sciencedirect.com/science/article/pii/S2352146520308863},
author = {Michal Hrúz and Pavol Pecho and Terézia Mariášová and Martin Bugaj},
keywords = {aircraft maintenance improvement, aircraft maintenance strategies}
}
note = {INAIR 2020 - CHALLENGES OF AVIATION DEVELOPMENT},



@article{wang2020aircraft,
author = {Fangyuan Wang and Jianzhong Sun and Xinchao Liu and Cui Liu},
title ={Aircraft auxiliary power unit performance assessment and remaining useful life evaluation for predictive maintenance},
journal = {Proc. Inst. Mech. Eng., Part A: J. Power Energy},
volume = {234},
number = {6},
pages = {804-816},
year = {2020},
doi = {10.1177/0957650919883718},
OPTURL = {https://doi.org/10.1177/0957650919883718}
}





@article{boje2020towards,
title = {Towards a semantic construction digital twin: Directions for future research},
journal = {Autom. Constr.},
volume = {114},
pages = {103179},
year = {2020},
issn = {0926-5805},
doi = {10.1016/j.autcon.2020.103179},
OPTURL = {https://www.sciencedirect.com/science/article/pii/S0926580519314785},
author = {Calin Boje and Annie Guerriero and Sylvain Kubicki and Yacine Rezgui},
keywords = {Digital Twin, BIM, Review, Industry Foundation Classes (IFC), Internet of Things (IoT), Framework, Artificial Intelligence (AI), Big data, Construction safety, Construction site}
}

@article{homod2022innovative,
title = {An innovative clustering technique to generate hybrid modeling of cooling coils for energy analysis: A case study for control performance in {HVAC} systems},
journal = {Renewable Sustainable Energy Rev.},
volume = {166},
pages = {112676},
year = {2022},
issn = {1364-0321},
doi = {10.1016/j.rser.2022.112676},
OPTURL = {https://www.sciencedirect.com/science/article/pii/S1364032122005676},
author = {Raad Z. Homod and Hussein Togun and Adnan A. Ateeq and Fadhel Noraldeen Al-Mousawi and Zaher Mundher Yaseen and Wael Al-Kouz and Ahmed Kadhim Hussein and Omer A. Alawi and Marjan Goodarzi and Goodarz Ahmadi},
keywords = {Nonlinear modeling, Uncertain disturbance, Cooling coil model, Hybrid layer model, TS identification, Wide range modeling}
}

@ARTICLE{bousdekis2019predictive,
  author={Bousdekis, Alexandros and Apostolou, Dimitris and Mentzas, Gregoris},
  journal={IEEE Eng. Manage. Rev.}, 
  title={Predictive maintenance in the 4th {I}ndustrial {R}evolution: Benefits, Business Opportunities, and Managerial Implications}, 
  year={2020},
  volume={48},
  number={1},
  pages={57-62},
  doi={10.1109/EMR.2019.2958037}}



@article{bevilacqua2020digital, title={Digital Twin Reference Model Development to Prevent Operators’ Risk in Process Plants}, volume={12}, ISSN={2071-1050}, OPTURL={http://dx.doi.org/10.3390/su12031088}, DOI={10.3390/su12031088}, number={3}, journal={Sustainability}, publisher={MDPI AG}, author={Bevilacqua, Maurizio and Bottani, Eleonora and Ciarapica, Filippo Emanuele and Costantino, Francesco and Di Donato, Luciano and Ferraro, Alessandra and Mazzuto, Giovanni and Monteriù, Andrea and Nardini, Giorgia and Ortenzi, Marco and Paroncini, Massimo and Pirozzi, Marco and Prist, Mario and Quatrini, Elena and Tronci, Massimo and Vignali, Giuseppe}, year={2020}, month={Feb}, pages={1088} }



@article{li2020toward,
title = {Toward a methodology of requirements definition for prognostics and health management system to support aircraft predictive maintenance},
journal = {Aerosp. Sci. Technol.},
volume = {102},
pages = {105877},
year = {2020},
issn = {1270-9638},
doi = {10.1016/j.ast.2020.105877},
OPTURL = {https://www.sciencedirect.com/science/article/pii/S1270963820305599},
author = {Rui Li and Wim J.C. Verhagen and Richard Curran},
keywords = {Prognostics and health management (PHM), Requirements definition, Design methodology, System engineering (SE)}
}


@ARTICLE{yang2022data,
  author={Yang, Xiong and Ren, Jin and Li, Junchen and Zhang, Haigang and Yang, Jinfeng},
  journal={IEEE Access}, 
  title={Data-Driven Long-Landing Event Detection and Interpretability Analysis in Civil Aviation}, 
  year={2022},
  volume={10},
  number={},
  pages={64257-64269},
  doi={10.1109/ACCESS.2022.3182796}}


@inproceedings{forest2020large,
  title={Large-scale vibration monitoring of aircraft engines from operational data using self-organized Models},
  author={Forest, Florent and Cochard, Quentin and Noyer, Cecile and Joncour, Marc and Lacaille, J{\'e}r{\^o}me and Lebbah, Mustapha and Azzag, Hanene},
  booktitle={Annu. Conf. Progn. Health Manage. Soc.},
  volume={12},
  number={1},
  pages={11--11},
  year={2020},
  doi = {10.36001/phmconf.2020.v12i1.1131}
}

@article{kraus2019forecasting,
  title={Forecasting remaining useful life: Interpretable deep learning approach via variational {B}ayesian inferences},
  author={Kraus, Mathias and Feuerriegel, Stefan},
  journal={Decision Support Systems},
  volume={125},
  pages={113100},
  year={2019},
  publisher={Elsevier}
}

@article{moyne2020requirements,
  title={A requirements driven digital twin framework: Specification and opportunities},
  author={Moyne, James and Qamsane, Yassine and Balta, Efe C and Kovalenko, Ilya and Faris, John and Barton, Kira and Tilbury, Dawn M},
  journal={IEEE Access},
  volume={8},
  pages={107781--107801},
  year={2020},
  publisher={IEEE}
}

@article{zheng2019application,
  title={An application framework of digital twin and its case study},
  author={Zheng, Yu and Yang, Sen and Cheng, Huanchong},
  journal={Journal of Ambient Intelligence and Humanized Computing},
  volume={10},
  pages={1141--1153},
  year={2019},
  publisher={Springer}
}

@article{singh2021twin, title={Digital Twin: Origin to Future}, volume={4}, ISSN={2571-5577}, OPTURL={http://dx.doi.org/10.3390/asi4020036}, DOI={10.3390/asi4020036}, number={2}, journal={Appl. Syst. Innovation}, publisher={MDPI AG}, author={Singh, Maulshree and Fuenmayor, Evert and Hinchy, Eoin and Qiao, Yuansong and Murray, Niall and Devine, Declan}, year={2021}, month={May}, pages={36} }

@inproceedings{wang2020life,
  title={Life prediction for aircraft structure based on {B}ayesian inference: towards a digital twin ecosystem},
  author={Wang, Teng and Liu, Zheng and Liao, Min and Mrad, Nezih},
  booktitle={Annu. Conf. PHM Soc.},
  volume={12},
  number={1},
  pages={8--8},
  year={2020},
  doi = {10.36001/phmconf.2020.v12i1.1261}
}



@InProceedings{tygesen2019state,
author="Tygesen, U. T.
and Worden, K.
and Rogers, T.
and Manson, G.
and Cross, E. J.",
editor="Pakzad, Shamim",
title="{State-of-the-Art and Future Directions for Predictive Modelling of Offshore Structure Dynamics Using Machine Learning}",
booktitle="Dyn. Civ. Struct., Vol. 2",
year="2019",
OPTpublisher="Springer International Publishing",
OPTaddress="Cham",
pages="223--233",
isbn="978-3-319-74421-6",
doi = {10.1007/978-3-319-74421-6\_30}
}

@misc{lee2018interpretable,
      title={Interpretable Categorization of Heterogeneous Time Series Data}, 
      author={Ritchie Lee and Mykel J. Kochenderfer and Ole J. Mengshoel and Joshua Silbermann},
      year={arXiv:1708.09121, 2018},
}


@inproceedings{ishibashi2013gfrbs,
  author={Ishibashi, Rogério and Lúcio Nascimento Júnior, Cairo},
  booktitle={2013 IEEE Conf. Progn. Health Manage.}, 
  title={{GFRBS-PHM}: A Genetic Fuzzy Rule-Based System for PHM with improved interpretability}, 
  year={2013},
  volume={},
  number={},
  pages={1-7},
  doi={10.1109/ICPHM.2013.6621419}}


@ARTICLE{park2010direct,  author={Park, Jong In and Bae, Suk Joo},  journal={IEEE Transactions on Reliability},   title={Direct Prediction Methods on Lifetime Distribution of Organic Light-Emitting Diodes From Accelerated Degradation Tests},   year={2010},  volume={59},  number={1},  pages={74-90},  doi={10.1109/TR.2010.2040761}}



@inproceedings{legresley2001investigation,
author = {Patrick LeGresley and Juan Alonso},
title = {Investigation of non-linear projection for {POD} based reduced order models for Aerodynamics},
booktitle = {39th Aerosp. Sci. Meet. Exhibit},
doi = {10.2514/6.2001-926},
year = {2012},
OPTURL = {https://arc.aiaa.org/doi/abs/10.2514/6.2001-926},
eprint = {https://arc.aiaa.org/doi/pdf/10.2514/6.2001-926}
}

@article{berghout2020aircraft,
title = {Aircraft engines remaining useful life prediction with an adaptive denoising online sequential extreme learning machine},
journal = {Eng. Appl. Artif. Intell.},
volume = {96},
pages = {103936},
year = {2020},
issn = {0952-1976},
doi = {10.1016/j.engappai.2020.103936},
OPTURL = {https://www.sciencedirect.com/science/article/pii/S095219762030258X},
author = {Tarek Berghout and Leïla-Hayet Mouss and Ouahab Kadri and Lotfi Saïdi and Mohamed Benbouzid},
keywords = {ELM, OS-ELM, Forgetting mechanism, Denoising autoencoder, Updated selection strategy, C-MAPPS, Remaining Useful Life}
}



@ARTICLE{si2015adaptive,
  author={Si, Xiao-Sheng},
  journal={IEEE Trans. Ind. Electron.}, 
  title={An Adaptive Prognostic Approach via Nonlinear Degradation Modeling: Application to Battery Data}, 
  year={2015},
  volume={62},
  number={8},
  pages={5082-5096},
  doi={10.1109/TIE.2015.2393840}}




@article{zhang2020aircraft, title={Aircraft Engine Prognostics Based on Informative Sensor Selection and Adaptive Degradation Modeling with Functional Principal Component Analysis}, volume={20}, ISSN={1424-8220}, OPTURL={http://dx.doi.org/10.3390/s20030920}, DOI={10.3390/s20030920}, number={3}, journal={Sens.}, publisher={MDPI AG}, author={Zhang, Bin and Zheng, Kai and Huang, Qingqing and Feng, Song and Zhou, Shangqi and Zhang, Yi}, year={2020}, pages={920} }

@inproceedings{watkins2019prognostics,
  title={Prognostics as-a-service: A scalable cloud architecture for prognostics},
  author={Watkins, Jason and Teubert, Christopher and Ossenfort, John},
  booktitle={Annu. Conf. Progn. Health Manage. Soc.},
  number={ARC-E-DAA-TN68377},
  year={2019}
}



@article{bouzidi2020efficient,
author = {Zohra Bouzidi and Labib Sadek Terrissa and Noureddine Zerhouni and Soheyb Ayad},
title = {An efficient cloud prognostic approach for aircraft engines fleet trending},
journal = {Int. J. Comput. Appl.},
volume = {42},
number = {5},
pages = {514-529},
year  = {2020},
publisher = {Taylor \& Francis},
doi = {10.1080/1206212X.2018.1488024},

OPTURL = { 
    
        https://doi.org/10.1080/1206212X.2018.1488024
    
    

},
eprint = { 
    
        https://doi.org/10.1080/1206212X.2018.1488024
    
    

}

}

@article{chen2021development, title={Development of a Unified Taxonomy for {HVAC} System Faults}, volume={14}, ISSN={1996-1073}, OPTURL={http://dx.doi.org/10.3390/en14175581}, DOI={10.3390/en14175581}, number={17}, journal={Energies}, publisher={MDPI AG}, author={Chen, Yimin and Lin, Guanjing and Crowe, Eliot and Granderson, Jessica}, year={2021}, month={Sep}, pages={5581} }




@article{house2001expert,
author={House,John M. and Vaezi-Nejad,Hossein and Whitcomb,J. M.},
year={2001},
title={An expert rule set for fault detection in air-handling units / Discussion},
journal={ASHRAE Trans.},
volume={107},
pages={858},
keywords={Heating, Plumbing And Refrigeration},
isbn={00012505},
language={English},
OPTURL={https://www.proquest.com/scholarly-journals/expert-rule-set-fault-detection-air-handling/docview/192523824/se-2},
}
note={Copyright - Copyright American Society of Heating, Refrigeration and Air Conditioning Engineers, Inc. 2001; Last updated - 2023-07-05; CODEN - ASHTAG},



@ARTICLE{wada2022sim,
  author={Wada, Daichi and Araujo-Estrada, Sergio and Windsor, Shane},
  journal={IEEE Rob. Autom. Lett.}, 
  title={Sim-to-Real Transfer for Fixed-Wing Uncrewed Aerial Vehicle: Pitch Control by High-Fidelity Modelling and Domain Randomization}, 
  year={2022},
  volume={7},
  number={4},
  pages={11735-11742},
  doi={10.1109/LRA.2022.3205442}}



@article{matthews2013discovering,
author = {Matthews, Bryan and Das, Santanu and Bhaduri, Kanishka and Das, Kamalika and Martin, Rodney and Oza, Nikunj},
title = {Discovering Anomalous Aviation Safety Events Using Scalable Data Mining Algorithms},
journal = {Journal of Aerospace Information Systems},
volume = {11},
number = {7},
pages = {482-482},
year = {2014},
doi = {10.2514/1.I010211},
OPTURL = {https://doi.org/10.2514/1.I010211},
eprint = {https://doi.org/10.2514/1.I010211}
}



@PHDTHESIS{singh2020scalable,
	copyright = {In Copyright - Non-Commercial Use Permitted},
	year = {2020},
	type = {Doctoral Thesis},
	institution = {SNF and SNF},
	author = {Singh, Gagandeep},
	size = {214 p.},
	keywords = {Program Analysis; Abstract Interpretation; Deep learning; Automated Formal Reasoning; Neural Network Verification},
	language = {en},
	address = {Zurich},
	publisher = {ETH Zurich},
	DOI = {10.3929/ethz-b-000445921},
	title = {Scalable Automated Reasoning for Programs and Deep Learning}},
	school = {ETH Zurich}
}

@article{arias2021aircraft, title={Aircraft Engine Run-to-Failure Dataset under Real Flight Conditions for Prognostics and Diagnostics}, volume={6}, ISSN={2306-5729}, OPTURL={http://dx.doi.org/10.3390/data6010005}, DOI={10.3390/data6010005}, number={1}, journal={Data}, publisher={MDPI AG}, author={Arias Chao, Manuel and Kulkarni, Chetan and Goebel, Kai and Fink, Olga}, year={2021}, month={Jan}, pages={5} }



@article{gardner2022population,
title = {A population-based SHM methodology for heterogeneous structures: Transferring damage localisation knowledge between different aircraft wings},
journal = {Mech. Syst. Signal Process.},
volume = {172},
pages = {108918},
year = {2022},
issn = {0888-3270},
doi = {10.1016/j.ymssp.2022.108918},
OPTURL = {https://www.sciencedirect.com/science/article/pii/S0888327022001030},
author = {P. Gardner and L.A. Bull and J. Gosliga and J. Poole and N. Dervilis and K. Worden},
keywords = {Population-based structural health monitoring, Irreducible elements, Attributed graphs, Transfer learning, Domain adaptation}
}

@article{dong2019implementing,
title = {Implementing Deep Learning for comprehensive aircraft icing and actuator/sensor fault detection/identification},
journal = {Eng. Appl. Artif. Intell.},
volume = {83},
pages = {28-44},
year = {2019},
issn = {0952-1976},
doi = {10.1016/j.engappai.2019.04.010},
OPTURL = {https://www.sciencedirect.com/science/article/pii/S0952197619300958},
author = {Yiqun Dong},
keywords = {Deep Learning, Actuator fault detection and identification, Icing detection and identification, Sensor fault detection}
}



@book{kandel1991fuzzy,
author = {Kandel, Abraham},
title = {Fuzzy Expert Systems},
year = {1992},
isbn = {084934297X},
publisher = {CRC Press, Inc.},
address = {USA}
}

@book{dym1991knowledge,
  title={Knowledge-based systems in engineering},
  author={Dym, Clive L and Levitt, Raymond E},
  year={1991},
  publisher={McGraw-Hill Book Company}
}


@article{hadjimichael2009fuzzy,
title = {A fuzzy expert system for aviation risk assessment},
journal = {Expert Syst. Appl.},
volume = {36},
number = {3, Part 2},
pages = {6512-6519},
year = {2009},
issn = {0957-4174},
doi = {10.1016/j.eswa.2008.07.081},
OPTURL = {https://www.sciencedirect.com/science/article/pii/S0957417408005046},
author = {Michael Hadjimichael},
keywords = {Fuzzy rule-based systems, Risk assessment, Aviation safety}
}

@article{lu2017multi,
title = {A multi-source information fusion fault diagnosis for aviation hydraulic pump based on the new evidence similarity distance},
journal = {Aerosp. Sci. Technol.},
volume = {71},
pages = {392-401},
year = {2017},
issn = {1270-9638},
doi = {10.1016/j.ast.2017.09.040},
OPTURL = {https://www.sciencedirect.com/science/article/pii/S1270963817317649},
author = {Chuanqi Lu and Shaoping Wang and Xingjian Wang},
keywords = {Fault diagnosis, Aviation hydraulic pump, Multi-source information fusion, The new similarity distance, Evidence conflict}
}


@article{short2019pumping, title={An {I}ndustrial {D}igitalization {P}latform for {C}ondition {M}onitoring and {P}redictive {M}aintenance of {P}umping {E}quipment}, volume={19}, ISSN={1424-8220}, OPTURL={http://dx.doi.org/10.3390/s19173781}, DOI={10.3390/s19173781}, number={17}, journal={Sens.}, publisher={MDPI AG}, author={Short, Michael and Twiddle, John}, year={2019}, pages={3781} }
month={Aug},

@article{jiang2019general,
  title={General Diagnostic Framework Based on Non-axiomatic Logic for Aviation Safety Event Analysis},
  author={Jiang, Yang and Wang, Hong and Feng, Xingjie},
  journal={Chinese Journal of Electronics},
  volume={28},
  number={6},
  pages={1152--1157},
  year={2019},
  publisher={Wiley Online Library}
}



@article{wang2014monte,
author = {Liping Wang and Philip Haves},
title = {Monte Carlo analysis of the effect of uncertainties on model-based {HVAC} fault detection and diagnostics},
journal = {HVAC\&R Research},
volume = {20},
number = {6},
pages = {616-627},
year  = {2014},
publisher = {Taylor \& Francis},
doi = {10.1080/10789669.2014.924354},
OPTURL = {https://doi.org/10.1080/10789669.2014.924354}
}


@article{bonvini2014robust,
title = {Robust on-line fault detection diagnosis for {HVAC} components based on nonlinear state estimation techniques},
journal = {Appl. Energy},
volume = {124},
pages = {156-166},
year = {2014},
issn = {0306-2619},
doi = {10.1016/j.apenergy.2014.03.009},
OPTURL = {https://www.sciencedirect.com/science/article/pii/S0306261914002311},
author = {Marco Bonvini and Michael D. Sohn and Jessica Granderson and Michael Wetter and Mary Ann Piette},
keywords = {Fault detection and diagnosis, Bayesian updating, Chiller plant faults, Unscented Kalman filtering}
}


@article{ng2020bayesian,
title = {Bayesian method for {HVAC} plant sensor fault detection and diagnosis},
journal = {Energy Build.},
volume = {228},
pages = {110476},
year = {2020},
issn = {0378-7788},
doi = {10.1016/j.enbuild.2020.110476},
OPTURL = {https://www.sciencedirect.com/science/article/pii/S0378778820312585},
author = {K.H. Ng and F.W.H. Yik and P. Lee and K.K.Y. Lee and D.C.H. Chan},
keywords = {Temperature and flow sensors in chilled water plants, Sensor bias detection and isolation, Bayesian approach, Incomplete data, Verification by case studies}
}

@article{luo2020hybrid,
title = {A hybrid predictive maintenance approach for CNC machine tool driven by Digital Twin},
journal = {Rob. Comput. Integr. Manuf.},
volume = {65},
pages = {101974},
year = {2020},
issn = {0736-5845},
doi = {10.1016/j.rcim.2020.101974},
OPTURL = {https://www.sciencedirect.com/science/article/pii/S0736584519306660},
author = {Weichao Luo and Tianliang Hu and Yingxin Ye and Chengrui Zhang and Yongli Wei},
keywords = {CNC machine tool, Digital Twin, Predictive maintenance, Hybrid approach}
}



@article{nguyen2015multi,
title = {Multi-level predictive maintenance for multi-component systems},
journal = {Reliability Engineering \& System Safety},
volume = {144},
pages = {83-94},
year = {2015},
issn = {0951-8320},
doi = {10.1016/j.ress.2015.07.017},
OPTURL = {https://www.sciencedirect.com/science/article/pii/S0951832015002215},
author = {Kim-Anh Nguyen and Phuc Do and Antoine Grall},
keywords = {Multi-component system, Condition-based maintenance, Opportunistic, Economic dependencies, Prognostic, Importance measure}
}

@article{urbas2021machine,
title = {Machine learning based nominal root stress calculation model for gears with a progressive curved path of contact},
journal = {Mech. Mach. Theory},
volume = {165},
pages = {104430},
year = {2021},
issn = {0094-114X},
doi = {10.1016/j.mechmachtheory.2021.104430},
author = {Uroš Urbas and Damijan Zorko and Nikola Vukašinović},
keywords = {Machine learning, Nominal root stress, Gears, FEM, Random forest, AdaBoost},
}


@article{chen2022opportunities,
  title={Opportunities and challenges to develop digital twins for subsea pipelines},
  author={Chen, Bai-Qiao and Videiro, Paulo M and Guedes Soares, C},
  journal={Journal of Marine Science and Engineering},
  volume={10},
  number={6},
  pages={739},
  year={2022},
  publisher={MDPI}
}

@article{deng2021bim,
  title={From {BIM} to digital twins: a systematic review of the evolution of intelligent building representations in the {AEC-FM} industry.},
  author={Deng, Min and Menassa, Carol C and Kamat, Vineet R},
  journal={J. Inf. Technol. Construct.},
  volume={26},
  year={2021},
  doi ={10.36680/j.itcon.2021.005}
}



@article{li2021knowledge,
title = {A knowledge-guided and data-driven method for building {HVAC} systems fault diagnosis},
journal = {Build. Environ.},
volume = {198},
pages = {107850},
year = {2021},
issn = {0360-1323},
doi = {10.1016/j.buildenv.2021.107850},
OPTURL = {https://www.sciencedirect.com/science/article/pii/S0360132321002560},
author = {Tingting Li and Yang Zhao and Chaobo Zhang and Jing Luo and Xuejun Zhang},
keywords = {Diagnostic bayesian networks, Genetic algorithm, Fault diagnosis, Fault interpretation, HVAC systems, Energy conservation}
}

@inproceedings{dangut2020rescaled,
  author={David Dangut, Maren and Skaf, Zakwan and Jennions, Ian},
  booktitle={2020 Adv. Sci. Eng. Technol. Int. Conf.}, 
  title={Rescaled-{LSTM} for Predicting Aircraft Component Replacement Under Imbalanced Dataset Constraint}, 
  year={2020},
  volume={},
  number={},
  pages={1-9},
  doi={10.1109/ASET48392.2020.9118253}}



@article{alimohammadi2022predict, title={Predict the remaining useful life in {HVAC} filters using a hybrid strategy}, OPTURL={https://proceedings.open.tudelft.nl/clima2022/article/view/273}, DOI={10.34641/clima.2022.273}, journal={CLIMA 2022 Conf.}, author={Alimohammadi, Hossein and Vassiljeva, Kristina and Petlenkov, Eduard and Mall Kull, Tuule and Thalfeldt, Martin}, year={2022}, month={May} }


@article{zonta2020predictive,
  title={Predictive maintenance in the Industry 4.0: A systematic literature review},
  author={Zonta, Tiago and Da Costa, Cristiano Andr{\'e} and da Rosa Righi, Rodrigo and de Lima, Miromar Jose and da Trindade, Eduardo Silveira and Li, Guann Pyng},
  journal={Computers \& Industrial Engineering},
  volume={150},
  pages={106889},
  year={2020},
  publisher={Elsevier}
}






@Inbook{grieves2017digital,
author="Grieves, Michael
and Vickers, John",
editor="Kahlen, Franz-Josef
and Flumerfelt, Shannon
and Alves, Anabela",
title="{Digital Twin: Mitigating Unpredictable, Undesirable Emergent Behavior in Complex Systems}",
bookTitle="Transdisciplinary Perspectives on Complex Systems: New Findings and Approaches",
year="2017",
publisher="Springer Int. Publ.",
pages="85--113",
isbn="978-3-319-38756-7",
doi = {10.1007/978-3-319-38756-7\_4}

}

@ARTICLE{barricelli2019twin,
  author={Barricelli, Barbara Rita and Casiraghi, Elena and Fogli, Daniela},
  journal={IEEE Access}, 
  title={A Survey on Digital Twin: Definitions, Characteristics, Applications, and Design Implications}, 
  year={2019},
  volume={7},
  number={},
  pages={167653-167671},
  doi={10.1109/ACCESS.2019.2953499}}



@article{banerjee2017generating,
  title={Generating digital twin models using knowledge graphs for industrial production lines},
  author={Banerjee, Agniva and Dalal, Raka and Mittal, Sudip and Joshi, Karuna Pande},
  journal={UMBC Information Systems Department},
  year={2017},
  publisher={ACM Publications}
}

@inproceedings{vachalek2017digital,
  title={The digital twin of an industrial production line within the industry 4.0 concept},
  author={Vach{\'a}lek, J{\'a}n and Bartalsk{\`y}, Luk{\'a}s and Rovn{\`y}, Oliver and {\v{S}}i{\v{s}}mi{\v{s}}ov{\'a}, Dana and Morh{\'a}{\v{c}}, Martin and Lok{\v{s}}{\'\i}k, Milan},
  booktitle={2017 21st international conference on process control (PC)},
  pages={258--262},
  year={2017},
  organization={IEEE}
}

@inproceedings{barkalov2021application,
  title={Application of digital twins in the management of socio-economic systems},
  author={Barkalov, Sergey and Dorofeev, Dmitry and Fedorova, Irina and Polovinkina, Alla},
  booktitle={E3S Web Conf.},
  volume={244},
  pages={11001},
  year={2021},
  organization={EDP Sciences},
  doi = {10.1051/e3sconf/202124411001}
}

@article{negri2017review,
  title={A review of the roles of digital twin in CPS-based production systems},
  author={Negri, Elisa and Fumagalli, Luca and Macchi, Marco},
  journal={Procedia manufacturing},
  volume={11},
  pages={939--948},
  year={2017},
  publisher={Elsevier}
}

@inproceedings{gabor2016simulation,
  title={A simulation-based architecture for smart cyber-physical systems},
  author={Gabor, Thomas and Belzner, Lenz and Kiermeier, Marie and Beck, Michael Till and Neitz, Alexander},
  booktitle={2016 IEEE international conference on autonomic computing (ICAC)},
  pages={374--379},
  year={2016},
  organization={IEEE}
}


@article{zhao2019artificial,
title = {Artificial intelligence-based fault detection and diagnosis methods for building energy systems: Advantages, challenges and the future},
journal = {Renewable Sustainable Energy Rev.},
volume = {109},
pages = {85-101},
year = {2019},
issn = {1364-0321},
doi = {10.1016/j.rser.2019.04.021},
OPTURL = {https://www.sciencedirect.com/science/article/pii/S1364032119302333},
author = {Yang Zhao and Tingting Li and Xuejun Zhang and Chaobo Zhang},
keywords = {Fault detection, Fault diagnosis, Building energy systems, Artificial intelligence, Big data}
}

@book{dexter2001demonstrating,
title = {Demonstrating Automated Fault Detection and Diagnosis Methods in Real Buildings: International Energy Agency. Energy Conservation in Buildings and community Systems ANNEX 34},
editor = "Arthur Dexter and Jouko Pakanen",
year = "2001",
publisher = "VTT Technical Research Centre of Finland",
number = "217",
}
language = "English",
isbn = "951-38-5725-5",
series = "VTT Symposium",
address = "Finland",



@article{wang2006robust,
author = { Shengwei   Wang  and  Jingtan   Cui },
title = {A Robust Fault Detection and Diagnosis Strategy for Centrifugal Chillers},
journal = {{HVAC\&R} {R}es.},
volume = {12},
number = {3},
pages = {407-428},
year  = {2006},
publisher = {Taylor \& Francis},
doi = {10.1080/10789669.2006.10391187},
OPTURL = { 
        https://www.tandfonline.com/doi/abs/10.1080/10789669.2006.10391187
},
eprint = { 
        https://www.tandfonline.com/doi/pdf/10.1080/10789669.2006.10391187
}
}



@ARTICLE{qi2018digital,
  author={Qi, Qinglin and Tao, Fei},
  journal={IEEE Access}, 
  title={Digital Twin and Big Data Towards Smart Manufacturing and Industry 4.0: 360 Degree Comparison}, 
  year={2018},
  volume={6},
  number={},
  pages={3585-3593},
  doi={10.1109/ACCESS.2018.2793265}}


@article{rosen2015importance,
  title={About the importance of autonomy and digital twins for the future of manufacturing},
  author={Rosen, Roland and Von Wichert, Georg and Lo, George and Bettenhausen, Kurt D},
  journal={Ifac-papersonline},
  volume={48},
  number={3},
  pages={567--572},
  year={2015},
  publisher={Elsevier}
}

@inproceedings{canedo2016industrial,
  title={Industrial IoT lifecycle via digital twins},
  author={Canedo, Arquimedes},
  booktitle={Proceedings of the Eleventh IEEE/ACM/IFIP International Conference on Hardware/Software Codesign and System Synthesis},
  pages={1--1},
  year={2016}
}

@article{schleich2017shaping,
  title={Shaping the digital twin for design and production engineering},
  author={Schleich, Benjamin and Anwer, Nabil and Mathieu, Luc and Wartzack, Sandro},
  journal={CIRP annals},
  volume={66},
  number={1},
  pages={141--144},
  year={2017},
  publisher={Elsevier}
}

@article{venkatesan2019health,
author = {Venkatesan, Suchitra and Manickavasagam, Krishnan and Tengenkai, Nikita and Vijayalakshmi, Nagendran},
title = {Health monitoring and prognosis of electric vehicle motor using intelligent-digital twin},
journal = {IET Electr. Power Appl.},
volume = {13},
number = {9},
pages = {1328-1335},
keywords = {remaining life assessment, machine control, electric drives, fuzzy logic, condition monitoring, electric motors, synchronous motors, electric vehicles, machine bearings, permanent magnet motors, neural nets, electric vehicle motor, intelligent-digital twin, electric mobility, diagnosis, electric drives, electric vehicles, permanent magnet synchronous motor drives, PMSM, higher power density, intelligent digital twin, fuzzy logic, EV motor, in-house health monitoring, Remote Health Monitoring, Prognosis Centre},
doi = {10.1049/iet-epa.2018.5732},
OPTURL = {https://ietresearch.onlinelibrary.wiley.com/doi/abs/10.1049/iet-epa.2018.5732},
year = {2019}
}


@article{karve2020digital,
title = {Digital twin approach for damage-tolerant mission planning under uncertainty},
journal = {Eng. Fract. Mech.},
volume = {225},
pages = {106766},
year = {2020},
issn = {0013-7944},
doi = {10.1016/j.engfracmech.2019.106766},
OPTURL = {https://www.sciencedirect.com/science/article/pii/S0013794419306496},
author = {Pranav M. Karve and Yulin Guo and Berkcan Kapusuzoglu and Sankaran Mahadevan and Mulugeta A. Haile},
keywords = {Fatigue crack growth, Digital twin, Diagnosis, Prognosis, Bayesian estimation, Information fusion, Optimization, Uncertainty quantification},
}

@article{jacoby2020digital,
  title={Digital twin and internet of things—{C}urrent standards landscape},
  author={Jacoby, Michael and Usl{\"a}nder, Thomas},
  journal={Appl. Sci.},
  volume={10},
  number={18},
  pages={6519},
  year={2020},
  publisher={MDPI},
  doi = {10.3390/app10186519}
}

@inproceedings{margaria2019digital,
  title={The digital thread in industry 4.0},
  author={Margaria, Tiziana and Schieweck, Alexander},
  booktitle={Int. Conf. Integr. Formal Methods},
  pages={3--24},
  year={2019},
  organization={Springer},
  doi = {10.1007/978-3-030-34968-4\_1}
}

@misc{kunzer2022digital,
      title={The {D}igital {T}win {L}andscape at the {C}rossroads of {P}redictive {M}aintenance, {M}achine {L}earning and {P}hysics {B}ased {M}odeling}, 
      author={Brian Kunzer and Mario Berg\'es and Artur Dubrawski},
      year={2022},
      doi = {10.48550/arXiv.2206.10462}
}

@article{singh2018engineering,
  title={Engineering design with digital thread},
  author={Singh, Victor and Willcox, Karen E},
  journal={AIAA J.},
  volume={56},
  number={11},
  pages={4515--4528},
  year={2018},
  publisher={American Institute of Aeronautics and Astronautics},
  doi = {10.2514/1.J057255}
}

@inproceedings{rossini2020replica,
  title={{REPLICA}: {A} {S}olution for {N}ext {G}eneration {IoT} and {D}igital {T}win {B}ased {F}ault {D}iagnosis and {P}redictive {M}aintenance.},
  author={Rossini, Rosaria and Conzon, Davide and Prato, Gianluca and Pastrone, Claudio and dos Reis, Jo{\~a}o Pedro Correia and Gon{\c{c}}alves, Gil},
  booktitle={SAM IoT},
  pages={55--62},
  year={2020}
}

@article{hedberg2020using,
  title={Using graphs to link data across the product lifecycle for enabling smart manufacturing digital threads},
  author={Hedberg Jr, Thomas D and Bajaj, Manas and Camelio, Jaime A},
  journal={J. Comput. Inf. Sci. Eng.},
  volume={20},
  number={1},
  pages={011011},
  year={2020},
  publisher={American Society of Mechanical Engineers},
  doi = {10.1115/1.4044921}
}
@incollection{stark2022plm,
  title={PLM and Digital Threads},
  author={Stark, John},
  booktitle={Product Lifecycle Management (Volume 1)},
  pages={403--419},
  year={2022},
  publisher={Springer}
}

@article{harper2019digital,
  title={Digital twin architecture and standards},
  author={Harper, K Eric and Ganz, Christopher and Malakuti, Somayeh},
  journal={IIC Journal of Innovation},
  volume={12},
  pages={72--83},
  year={2019}
}


@article{woldman2015abrasive,
title = {Abrasive wear based predictive maintenance for systems operating in sandy conditions},
journal = {Wear},
volume = {338-339},
pages = {316-324},
year = {2015},
issn = {0043-1648},
doi = {10.1016/j.wear.2015.07.004},
OPTURL = {https://www.sciencedirect.com/science/article/pii/S0043164815003580},
author = {M. Woldman and T. Tinga and E. {Van Der Heide} and M.A. Masen},
keywords = {Third-body abrasion, Abrasive particles, Usage based maintenance, Predictive maintenance}
}

@article{reitenbach2020aviation_a,
author = {Stanislaus Reitenbach and Maximilian Vieweg and Richard Becker and Carsten Hollmann and Florian Wolters and Jens Schmeink and Tom Otten and Martin Siggel},
title = {Collaborative {A}ircraft {E}ngine {P}reliminary {D}esign using a {V}irtual {E}ngine {P}latform, {P}art {A}: {A}rchitecture and {M}ethodology},
booktitle = {AIAA Scitech 2020 Forum},
chapter = {},
pages = {0867},
doi = {10.2514/6.2020-0867},
OPTURL = {https://arc.aiaa.org/doi/abs/10.2514/6.2020-0867},
year={2020}
}

@article{vieweg2020aviation_b,
author = {Maximilian Vieweg and Stanislaus Reitenbach and Carsten Hollmann and Markus Schnös and Thomas Behrendt and Alexander Krumme and Tom Otten and Robert Meier zu Ummeln},
title = {Collaborative Aircraft Engine Preliminary Design using a Virtual Engine Platform, Part B: Application},
booktitle = {AIAA Scitech 2020 Forum},
chapter = {},
pages = {0124},
doi = {10.2514/6.2020-0124},
OPTURL = {https://arc.aiaa.org/doi/abs/10.2514/6.2020-0124},
eprint = {https://arc.aiaa.org/doi/pdf/10.2514/6.2020-0124},
year={2020}
}


@article{sun2020adaptive,
  title={Adaptive federated learning and digital twin for industrial internet of things},
  author={Sun, Wen and Lei, Shiyu and Wang, Lu and Liu, Zhiqiang and Zhang, Yan},
  journal={IEEE Trans. Ind. Inf.},
  volume={17},
  number={8},
  pages={5605--5614},
  year={2020},
  publisher={IEEE}
}

@article{lu2020low,
  title={Low-latency federated learning and blockchain for edge association in digital twin empowered 6G networks},
  author={Lu, Yunlong and Huang, Xiaohong and Zhang, Ke and Maharjan, Sabita and Zhang, Yan},
  journal={IEEE Trans. Ind. Inf.},
  volume={17},
  number={7},
  pages={5098--5107},
  year={2020},
  publisher={IEEE}
}

@article{coraddu2019data,
  title={Data-driven ship digital twin for estimating the speed loss caused by the marine fouling},
  author={Coraddu, Andrea and Oneto, Luca and Baldi, Francesco and Cipollini, Francesca and Atlar, Mehmet and Savio, Stefano},
  journal={Ocean Eng.},
  volume={186},
  pages={106063},
  year={2019},
  publisher={Elsevier},
  doi = {10.1016/j.oceaneng.2019.05.045}
}



@inproceedings{kapteyn2020toward,
author = {Michael G. Kapteyn and David J. Knezevic and Karen Willcox},
title = {Toward predictive digital twins via component-based reduced-order models and interpretable machine learning},
booktitle = {AIAA Scitech 2020 Forum},
year = {2020},
doi = {10.2514/6.2020-0418},
OPTURL = {https://arc.aiaa.org/doi/abs/10.2514/6.2020-0418}
}

@Inbook{fink2020pmx,
author="Fink, Olga",
editor="Smith, Alice E.",
title="{Data-Driven Intelligent Predictive Maintenance of Industrial Assets}",
bookTitle="Women in Industrial and Systems Engineering: Key Advances and Perspectives on Emerging Topics",
year="2020",
publisher="Springer Int. Publ.",
pages="589--605",
isbn="978-3-030-11866-2",
doi="10.1007/978-3-030-11866-2\_25",
OPTURL="https://doi.org/10.1007/978-3-030-11866-2\_25"
}




@article{deng2021practical,
  title={Practical {G}uidance on {M}odeling {C}hoices for the {V}irtual {T}wins {M}ethod},
  author={Deng, Chuyu and Vock, David M and Carroll, Dana M and Boatman, Jeffrey A and Hatsukami, Dorothy K and Leng, Ning and Koopmeiners, Joseph S},
  year={2021},
  doi = {10.48550/arXiv.2111.08741}
}

@article{liu2020domain,
  title={Domain adaptation digital twin for rolling element bearing prognostics},
  author={Liu, Chenyu and Ricardo Mauricio, Alex and Qi, Junyu and Peng, Dandan and Gryllias, Konstantinos},
  journal={Online Proc. PHM2020},
  year={2020},
  publisher={PHM society},
  doi = {10.36001/phmconf.2020.v12i1.1294}
}

@article{chakraborty2021role,
  title={The role of surrogate models in the development of digital twins of dynamic systems},
  author={Chakraborty, Souvik and Adhikari, Sondipon and Ganguli, Ranjan},
  journal={Appl. Math. Modell.},
  volume={90},
  pages={662--681},
  year={2021},
  publisher={Elsevier},
  doi = {10.1016/j.apm.2020.09.037}
}

@article{trauer2021improving,
  title={{Improving Production Efficiency with a Digital Twin Based on Anomaly Detection}},
  author={Trauer, Jakob and Pfingstl, Simon and Finsterer, Markus and Zimmermann, Markus},
  journal={Sustainability},
  volume={13},
  number={18},
  pages={10155},
  year={2021},
  publisher={MDPI},
  doi = {10.3390/su131810155}
}

@article{wang2022structural,
  title={Structural fatigue life prediction considering model uncertainties through a novel digital twin-driven approach},
  author={Wang, Mengmeng and Feng, Shizhe and Incecik, Atilla and Kr{\'o}lczyk, Grzegorz and Li, Zhixiong},
  journal={Comput. Methods Appl. Mech. Eng.	},
  volume={391},
  pages={114512},
  year={2022},
  publisher={Elsevier},
  doi = {10.1016/j.cma.2021.114512}
}

@article{li2017dynamic,
author = {Li, Chenzhao and Mahadevan, Sankaran and Ling, You and Choze, Sergio and Wang, Liping},
title = {Dynamic {B}ayesian Network for Aircraft Wing Health Monitoring Digital Twin},
journal = {AIAA J.},
volume = {55},
number = {3},
pages = {930-941},
year = {2017},
doi = {10.2514/1.J055201},
OPTURL = {https://doi.org/10.2514/1.J055201},
eprint = {https://doi.org/10.2514/1.J055201}
}



@article{yu2021digital,
title = {A Digital Twin approach based on nonparametric {B}ayesian network for complex system health monitoring},
journal = {J. Manuf. Syst.},
volume = {58},
pages = {293-304},
year = {2021},
issn = {0278-6125},
doi = {https://doi.org/10.1016/j.jmsy.2020.07.005},
OPTURL = {https://www.sciencedirect.com/science/article/pii/S0278612520301151},
author = {Jinsong Yu and Yue Song and Diyin Tang and Jing Dai},
keywords = {Digital Twin, Health monitoring, Nonparametric Bayesian networks, Dirichlet process mixture model}
}
note = {Digital Twin towards Smart Manufacturing and Industry 4.0},

@article{madsen2021post,
  title={Post-hoc interpretability for neural nlp: A survey},
  author={Madsen, Andreas and Reddy, Siva and Chandar, Sarath},
  year={arXiv:2108.04840, 2021}
}

@article{cattaneo2019twin,
title = {A {D}igital {T}win {P}roof of {C}oncept to {S}upport {M}achine {P}rognostics with {L}ow {A}vailability of {R}un-{T}o-{F}ailure {D}ata},
journal = {IFAC-PapersOnLine},
volume = {52},
number = {10},
pages = {37-42},
year = {2019},
issn = {2405-8963},
doi = {10.1016/j.ifacol.2019.10.016},
OPTURL = {https://www.sciencedirect.com/science/article/pii/S2405896319308717},
author = {Laura Cattaneo and Marco Macchi},
keywords = {Digital Twin, Fault diagnosis, control, Condition-Based Maintenance, Remaining Useful Life prediction, Random coefficient statistical method, Decision support}
}

@article{liu2021biomimicry,
title = {Digital twin modeling method based on biomimicry for machining aerospace components},
journal = {J. Manuf. Syst.},
volume = {58},
pages = {180-195},
year = {2021},
issn = {0278-6125},
doi = {10.1016/j.jmsy.2020.04.014},
OPTURL = {https://www.sciencedirect.com/science/article/pii/S0278612520300583},
author = {Shimin Liu and Jinsong Bao and Yuqian Lu and Jie Li and Shanyu Lu and Xuemin Sun},
keywords = {Digital twin, Mimicry, Information modeling, Machining, Digital twin mimic model (DTMM), Model based definition (MBD)}
}
note = {Digital Twin towards Smart Manufacturing and Industry 4.0},

@article{qi2021smart,
title = {Enabling technologies and tools for digital twin},
journal = {J. Manuf. Syst.},
volume = {58},
pages = {3-21},
year = {2021},
issn = {0278-6125},
doi = {10.1016/j.jmsy.2019.10.001},
OPTURL = {https://www.sciencedirect.com/science/article/pii/S027861251930086X},
author = {Qinglin Qi and Fei Tao and Tianliang Hu and Nabil Anwer and Ang Liu and Yongli Wei and Lihui Wang and A.Y.C. Nee},
keywords = {Digital twin, Five-dimension model, Enabling technologies, Enabling tools}
}
note = {Digital Twin towards Smart Manufacturing and Industry 4.0},

@inproceedings{ezhilarasu2019management,
  author={Ezhilarasu, Cordelia Mattuvarkuzhali and Skaf, Zakwan and Jennions, Ian K},
  booktitle={2019 IEEE Int. Conf. Syst. Man Cybern.}, 
  title={Understanding the role of a {D}igital {T}win in {I}ntegrated {V}ehicle {H}ealth {M}anagement ({IVHM})}, 
  year={2019},
  volume={},
  number={},
  pages={1484-1491},
  doi={10.1109/SMC.2019.8914244}}

@INPROCEEDINGS{rassolkin2020digital,
  author={Rassõlkin, Anton and Rjabtšikov, Viktor and Vaimann, Toomas and Kallaste, Ants and Kuts, Vladimir and Partyshev, Andriy},
  booktitle={2020 XI Int. Conf. Electr. Power Drive Syst.}, 
  title={Digital {T}win of an {E}lectrical {M}otor {B}ased on {E}mpirical {P}erformance {M}odel}, 
  year={2020},
  volume={},
  number={},
  pages={1-4},
  doi={10.1109/ICEPDS47235.2020.9249366}}


  @incollection{HONGLIM202289,
title = {Chapter 4 - Digital twin-enhanced product family design and optimization service},
editor = {Fei Tao and Qinglin Qi and A.Y.C. Nee},
booktitle = {Digital Twin Driven Serv.},
publisher = {Acad. Press},
pages = {89-118},
year = {2022},
isbn = {978-0-323-91300-3},
doi = {10.1016/B978-0-323-91300-3.00003-6},
OPTURL = {https://www.sciencedirect.com/science/article/pii/B9780323913003000036},
author = {Kendrik Yan {Hong Lim} and Pai Zheng and Dar Win Liew},
keywords = {Design optimization, Digital twin, Digitalization, Product family design, Servitization},
}

@article{HALEEM202328,
title = {Exploring the revolution in healthcare systems through the applications of Digital Twin technology},
journal = {Biomed. Technol.},
volume = {4},
pages = {28-38},
year = {2023},
issn = {2949-723X},
doi = {10.1016/j.bmt.2023.02.001},
OPTURL = {https://www.sciencedirect.com/science/article/pii/S2949723X23000065},
author = {Abid Haleem and Mohd Javaid and Ravi {Pratap Singh} and Rajiv Suman},
keywords = {Digital twin, Healthcare, Application, Medical innovation, Treatment},
}

@inproceedings{flanigan2022autonomy,
  author={Flanigan, Katherine A. and Ma, Sizhe and Bergés, Mario},
  booktitle={2022 IEEE 2nd Int. Conf. Digital Twins Parallel Intell.}, 
  title={Functional Requirements Enabling Levels of Predictive Maintenance Automation and Autonomy}, 
  year={2022},
  volume={},
  number={},
  pages={1-2},
  doi={10.1109/DTPI55838.2022.10036152}}

@article{ashtari2019twin,
OPTURL = {https://doi.org/10.1515/auto-2019-0039},
title = {An architecture of an Intelligent Digital Twin in a Cyber-Physical Production System},
title = {},
author = {Behrang Ashtari Talkhestani and Tobias Jung and Benjamin Lindemann and Nada Sahlab and Nasser Jazdi and Wolfgang Schloegl and Michael Weyrich},
pages = {762--782},
volume = {67},
number = {9},
journal = {at - Automatisierungstechnik},
doi = {doi:10.1515/auto-2019-0039},
year = {2019},
lastchecked = {2023-07-19}
}

@article{LIU2021346,
title = {Review of digital twin about concepts, technologies, and industrial applications},
journal = {J. Manuf. Syst.},
volume = {58},
pages = {346-361},
year = {2021},
issn = {0278-6125},
doi = {10.1016/j.jmsy.2020.06.017},
OPTURL = {https://www.sciencedirect.com/science/article/pii/S0278612520301072},
author = {Mengnan Liu and Shuiliang Fang and Huiyue Dong and Cunzhi Xu},
keywords = {Digital twin, Product lifecycle, Simulation, Industrial application, Literature review}
}
note = {Digital Twin towards Smart Manufacturing and Industry 4.0},

@article{KRITZINGER20181016,
title = {Digital Twin in manufacturing: A categorical literature review and classification},
journal = {IFAC-PapersOnLine},
volume = {51},
number = {11},
pages = {1016-1022},
year = {2018},
issn = {2405-8963},
doi = {10.1016/j.ifacol.2018.08.474},
OPTURL = {https://www.sciencedirect.com/science/article/pii/S2405896318316021},
author = {Werner Kritzinger and Matthias Karner and Georg Traar and Jan Henjes and Wilfried Sihn},
keywords = {Digital Model, Digital Shadow, Digital Twin, Production, Manufacturing, Literature Review}
}
note = {16th IFAC Symposium on Information Control Problems in Manufacturing INCOM 2018},



@article{JONES202036,
title = {Characterising the Digital Twin: A systematic literature review},
journal = {CIRP J. Manuf. Sci. Technol.},
volume = {29},
pages = {36-52},
year = {2020},
issn = {1755-5817},
doi = {10.1016/j.cirpj.2020.02.002},
OPTURL = {https://www.sciencedirect.com/science/article/pii/S1755581720300110},
author = {David Jones and Chris Snider and Aydin Nassehi and Jason Yon and Ben Hicks},
keywords = {Digital Twin, Virtual Twin}
}

@ARTICLE{fuller2020twin,
  author={Fuller, Aidan and Fan, Zhong and Day, Charles and Barlow, Chris},
  journal={IEEE Access}, 
  title={Digital Twin: Enabling Technologies, Challenges and Open Research}, 
  year={2020},
  volume={8},
  number={},
  pages={108952-108971},
  doi={10.1109/ACCESS.2020.2998358}}

@article{SAKIB2018267,
title = {Challenges and {O}pportunities of {C}ondition-based {P}redictive {M}aintenance: A {R}eview},
journal = {Procedia CIRP},
volume = {78},
pages = {267-272},
year = {2018},
doi = {10.1016/j.procir.2018.08.318},
OPTURL = {https://www.sciencedirect.com/science/article/pii/S2212827118312344},
author = {Nazmus Sakib and Thorsten Wuest},
keywords = {Predictive Maintenance, Condition based maintenance, Reliability, Manufacturing}}
note = {6th CIRP Global Web Conference – Envisaging the future manufacturing, design, technologies and systems in innovation era (CIRPe 2018)},
issn = {2212-8271},

@article{serradilla2022deep,
  title={Deep learning models for predictive maintenance: A survey, comparison, challenges and prospects},
  author={Serradilla, Oscar and Zugasti, Ekhi and Rodriguez, Jon and Zurutuza, Urko},
  journal={Appl. Intell.},
  volume={52},
  number={10},
  pages={10934--10964},
  year={2022},
  publisher={Springer},
  doi = {10.1007/s10489-021-03004-y}
}



@ARTICLE{tao2017twin,
  author={Tao, Fei and Zhang, Meng},
  journal={IEEE Access}, 
  title={Digital Twin Shop-Floor: A New Shop-Floor Paradigm Towards Smart Manufacturing}, 
  year={2017},
  volume={5},
  number={},
  pages={20418-20427},
  doi={10.1109/ACCESS.2017.2756069}}

@inproceedings{ye2019twin, title={A Digital Twin of Bridges for Structural Health Monitoring}, OPTURL={https://doi.org/10.12783\%2Fshm2019\%2F32287}, DOI={10.12783/shm2019/32287}, booktitle={Struct. Health Monit. 2019}, publisher={DEStech Publ., Inc.}, author={Ye, Cong and Butler, Liam and Calka, Bartek and Iangurazov, Marat and Lu, Qiuchen and Gregory, Alastair and Girolami, Mark and Middleton, Campbell}, year={2019}, month={Nov} }

@ARTICLE{grieves2005product,
title = {Product lifecycle management: the new paradigm for enterprises},
author = {Grieves, Michael W.},
year = {2005},
journal = {Int. J. Prod. Dev.},
volume = {2},
number = {1/2},
pages = {71-84},
keywords = {PLM models; PDM; product lifecycle management; enterprise systems; virtual space; product data management; product development.},
OPTURL = {https://EconPapers.repec.org/RePEc:ids:ijpdev:v:2:y:2005:i:1/2:p:71-84}
}

@article{CORBETTA2018305,
title = {Optimization of nonlinear, non-{G}aussian {B}ayesian filtering for diagnosis and prognosis of monotonic degradation processes},
journal = {Mech. Syst. Signal Process.},
volume = {104},
pages = {305-322},
year = {2018},
issn = {0888-3270},
doi = {https://doi.org/10.1016/j.ymssp.2017.11.012},
OPTURL = {https://www.sciencedirect.com/science/article/pii/S0888327017305940},
author = {Matteo Corbetta and Claudio Sbarufatti and Marco Giglio and Michael D. Todd},
keywords = {Bayesian filtering, Monte Carlo, Diagnostics, Prognostics, Damage prognosis, Life prediction, Fatigue crack growth, Structural health monitoring}
}



 @inproceedings{zaccaria2018twin, 
title={Fleet monitoring and diagnostics framework based on digital twin of aero-engines}, 
booktitle = {Proc. ASME Turbo Expo 2018: Turbomach. Tech. Conf. Exposition},
ISBN={9780791851128}, 
OPTURL={https://urn.kb.se/resolve?urn=urn:nbn:se:mdh:diva-41129}, 
DOI={10.1115/GT2018-76414}, 
location = {Oslo, Norway},
publisher={ASME}, 
author={Zaccaria, Valentina and Stenfelt, Mikael and Aslanidou, Ioanna and Kyprianidis, Konstantinos}, 
year={2018} 
}
volume={6}, 







