

%  author       = {T. B. Brown and B. Mann and N. Ryder and M. Subbiah and J. Kaplan and P. Dhariwal and A. Neelakantan and P. Shyam and G. Sastry and A. Askell and S. Agarwal and A. Herbert-Voss and G. Krueger and T. Henighan and R. Child and A. Ramesh and D. M. Ziegler and J. Wu and C. Winter and C. Hesse and M. Chen and E. Sigler and M. Litwin and S. Gray and B. Chess and J. Clark and C. Berner and S. McCandlish and A. Radford and I. Sutskever and D. Amodei},
  title        = {Language Models are Few-Shot Learners},
  journal      = {arXiv preprint arXiv:2005.14165},
  year         = {2020},
  note         = {Accessed: Apr. 30, 2025},
  url          = {https://arxiv.org/abs/2005.14165}
}



@article{Wang_2024,
  author       = {Lei Wang and Chen Ma and Xueyang Feng and Zeyu Zhang and Hao Yang and Jingsen Zhang and Zhiyuan Chen and Jiakai Tang and Xu Chen and Yankai Lin and Wayne Xin Zhao and Zhewei Wei and Jirong Wen},
  title        = {A Survey on Large Language Model Based Autonomous Agents},
  journal      = {Frontiers of Computer Science},
  volume       = {18},
  number       = {6},
  year         = {2024},
  month        = {Mar.},
  doi          = {10.1007/s11704-024-40231-1},
  url          = {http://dx.doi.org/10.1007/s11704-024-40231-1},
  issn         = {2095-2236},
  publisher    = {Springer Science and Business Media LLC}
}


@article{mialon2023augmented,
  author={Grégoire Mialon and Roberto Dessì and Maria Lomeli and Christoforos Nalmpantis and Ram Pasunuru and Roberta Raileanu and Baptiste Rozière and Timo Schick and Jane Dwivedi-Yu and Asli Celikyilmaz and Edouard Grave and Yann LeCun and Thomas Scialom},
  title = {Augmented Language Models: A Survey},
  journal = {arXiv preprint arXiv:2302.07842},
  year = {2023},
  howpublished = {\url{https://arxiv.org/abs/2302.07842}}
}

@article{guo2024largelanguagemodelbased,
  author       = {Taicheng Guo and Xiuying Chen and Yaqi Wang and Ruidi Chang and Shichao Pei and Nitesh V. Chawla and Olaf Wiest and Xiangliang Zhang},
  title        = {Large Language Model Based Multi-Agents: A Survey of Progress and Challenges},
  journal      = {arXiv preprint arXiv:2402.01680},
  year         = {2024},
  note         = {Accessed: Apr. 30, 2025},
  url          = {https://arxiv.org/abs/2402.01680}
}

@misc{mcp2024introduction,
  author = {Model Context Protocol},
  title = {Introduction to Model Context Protocol (MCP)},
  year = {2024},
  howpublished = {\url{https://modelcontextprotocol.io/introduction}},
  note = {Accessed: Apr. 2025}
}

@article{singh2025mcp,
  author       = {Aditi Singh and Abul Ehtesham and Saket Kumar and Tala Talaei Khoei},
  title        = {A Survey of the Model Context Protocol (MCP): Standardizing Context to Enhance Large Language Models (LLMs)},
  journal      = {Preprints},
  year         = {2025},
  month        = {Apr.},
  doi          = {10.20944/preprints202504.0245.v1},
  url          = {https://doi.org/10.20944/preprints202504.0245.v1},
  publisher    = {Preprints}
}

@article{ray2025mcp,
  author       = {Partha Pratim Ray},
  title        = {A Survey on Model Context Protocol: Architecture, State-of-the-Art, Challenges and Future Directions},
  journal      = {TechRxiv},
  year         = {2025},
  month        = {Apr.},
  doi          = {10.36227/techrxiv.174495492.22752319/v1},
  url          = {https://doi.org/10.36227/techrxiv.174495492.22752319/v1},
  note         = {Accessed: Apr. 30, 2025}
}


@misc{beeai2024acp,
  author = {IBM BeeAI},
  title = {Introduction to Agent Communication Protocol (ACP)},
  year = {2024},
  howpublished = {\url{https://docs.beeai.dev/acp/alpha/introduction}},
  note = {Accessed: Apr. 2025}
}

@misc{google2024a2a,
  author = {Google},
  title = {Agent2Agent (A2A) Protocol Documentation},
  year = {2024},
  howpublished = {\url{https://google.github.io/A2A/}},
  note = {Accessed: Apr. 2025}
}

@article{kim2024healthllm,
  author = {Kim, et al.},
  title = {Health-LLM: Personalized Retrieval-Augmented Disease Prediction System},
  journal = {arXiv preprint arXiv:2402.15114},
  year = {2024},
  howpublished = {\url{https://arxiv.org/abs/2402.15114}}
}

@article{wang2023agentbench,
  author = {Wang, Yizhong and et al.},
  title = {AgentBench: Evaluating LLMs as Agents},
  journal = {arXiv preprint arXiv:2308.03688},
  year = {2023},
  howpublished = {\url{https://arxiv.org/abs/2308.03688}}
}


@article{brown2020language,
  title={Language models are few-shot learners},
  author={Brown, Tom B and Mann, Benjamin and Ryder, Nick and Subbiah, Melanie and Kaplan, Jared and Dhariwal, Prafulla and Neelakantan, Arvind and Shyam, Pranav and Sastry, Girish and Askell, Amanda and others},
  journal={Advances in neural information processing systems},
  volume={33},
  pages={1877--1901},
  year={2020}
}

@article{bommasani2021opportunities,
  title={On the opportunities and risks of foundation models},
  author={Bommasani, Rishi and Hudson, Drew A and Adeli, Ehsan and Altman, Russ and Arora, Simran and von Arx, Sydney and others},
  journal={arXiv preprint arXiv:2108.07258},
  year={2021}
}

@inproceedings{finin1994kqml,
  title={KQML as an agent communication language},
  author={Finin, Tim and Fritzson, Rich and McKay, Donald and McEntire, Robin},
  booktitle={Proceedings of the third international conference on Information and knowledge management},
  pages={456--463},
  year={1994}
}

@misc{fipa2000acl,
  title={FIPA Communicative Act Library Specification},
  author={Foundation for Intelligent Physical Agents},
  year={2000},
  howpublished={\url{https://www.fipa.org/specs/fipa00037/SC00037J.html}}
}

@article{curbera2002web,
  title={Web services: Why and how},
  author={Curbera, Francisco and Duftler, Marc and Khalaf, Rania and Nagy, William and Mukhi, Nirmal and Weerawarana, Sanjiva},
  journal={IBM Systems Journal},
  volume={41},
  number={2},
  pages={170--177},
  year={2002},
  publisher={IEEE}
}

@article{gruber1995toward,
  title={Toward principles for the design of ontologies used for knowledge sharing?},
  author={Gruber, Thomas R},
  journal={International journal of human-computer studies},
  volume={43},
  number={5-6},
  pages={907--928},
  year={1995},
  publisher={Elsevier}
}

@article{miller2003web,
  title={The semantic web: a new form of Web content that is meaningful to computers will unleash a revolution of new possibilities},
  author={Miller, Eric},
  journal={Scientific American},
  volume={284},
  number={5},
  pages={34--43},
  year={2003}
}

@article{hendler2001agents,
  title={Agents and the semantic web},
  author={Hendler, James},
  journal={IEEE intelligent systems},
  volume={16},
  number={2},
  pages={30--37},
  year={2001},
  publisher={IEEE}
}

@book{wooldridge2009introduction,
  title={An Introduction to MultiAgent Systems},
  author={Wooldridge, Michael},
  year={2009},
  publisher={John Wiley \& Sons}
}

@article{luck2005agent,
  title={Agent technology: Computing as interaction (a roadmap for agent based computing)},
  author={Luck, Michael and McBurney, Peter and Shehory, Onn and Willmott, Steven},
  journal={AgentLink III},
  year={2005}
}

@misc{openai2023functions,
  title={Function calling in OpenAI GPT models},
  author={OpenAI},
  year={2023},
  howpublished={\url{https://platform.openai.com/docs/guides/gpt/function-calling}}
}

@misc{langchain2023docs,
  title={LangChain Documentation},
  author={LangChain},
  year={2023},
  howpublished={\url{https://docs.langchain.com/}}
}

@misc{llamaindex2023docs,
  title={LlamaIndex Documentation},
  author={LlamaIndex},
  year={2023},
  howpublished={\url{https://docs.llamaindex.ai/}}
}

@misc{openai2023plugin,
  title={OpenAI Plugin Store},
  author={OpenAI},
  year={2023},
  howpublished={\url{https://platform.openai.com/docs/plugins}}
}

@article{liu2024autotool,
  title={AutoTool: Building General-Purpose LLM Agents with Self-Extendable Toolsets},
  author={Liu, Fangzhou and Li, Xinyu and Wu, Zihan and Song, Yang and Zhao, Wayne Xin and Wen, Ji-Rong},
  journal={arXiv preprint arXiv:2403.02659},
  year={2024}
}

% {mcp2024introduction,
%  title={Model Context Protocol (MCP)},
%  author={Anthropic},
%  year={2024},
%  howpublished {\url{https://github.com/anthropics/mcp-spec}}}

%beeai2024acp,
  title={Agent Communication Protocol (ACP)},
  author={IBM Research},
  year={2024},
  howpublished={\url{https://github.com/bee-ai/acp}}
}

% {google2024a2a,
  title={Agent2Agent Protocol Specification},
  author={Google DeepMind},
  year={2025},
  howpublished={\url{https://github.com/google/a2a-spec}}
}

@misc{anp2024github,
  author       = {{Agent Network Protocol Contributors}},
  title        = {Agent Network Protocol (ANP)},
  year         = {2024},
  howpublished = {\url{https://github.com/agent-network-protocol/AgentNetworkProtocol}},
  note         = {Accessed: Apr. 30, 2025}
}

@misc{anp2024website,
  author       = {{Agent Network Protocol Contributors}},
  title        = {Agent Network Protocol Official Website},
  year         = {2024},
  howpublished = {\url{https://agent-network-protocol.com/}},
  note         = {Accessed: Apr. 30, 2025}
}
@article{hou2025modelcontextprotocolmcp,
  author       = {Xinyi Hou and Yanjie Zhao and Shenao Wang and Haoyu Wang},
  title        = {Model Context Protocol (MCP): Landscape, Security Threats, and Future Research Directions},
  journal      = {arXiv preprint arXiv:2503.23278},
  year         = {2025},
  url          = {https://arxiv.org/abs/2503.23278},
  note         = {Accessed: Apr. 30, 2025}
}


@article{tran2025multi,
  title        = {Multi-Agent Collaboration Mechanisms: A Survey of LLMs},
  author       = {Tran, Khanh-Tung and Dao, Dung and Nguyen, Minh-Duong and Pham, Quoc-Viet and O'Sullivan, Barry and Nguyen, Hoang D.},
  journal      = {CoRR},
  volume       = {abs/2501.06322},
  year         = {2025},
  url          = {https://arxiv.org/abs/2501.06322}
}

@article{yan2025beyond,
  title        = {Beyond Self-Talk: A Communication-Centric Survey of LLM-Based Multi-Agent Systems},
  author       = {Yan, Bingyu and Zhang, Xiaoming and Zhang, Litian and Zhang, Lian and Zhou, Ziyi and Miao, Dezhuang and Li, Chaozhuo},
  journal      = {CoRR},
  volume       = {abs/2502.14321},
  year         = {2025},
  url          = {https://arxiv.org/abs/2502.14321}
}

@article{guo2024survey,
  title        = {Large Language Model based Multi-Agents: A Survey of Progress and Challenges},
  author       = {Guo, Taicheng and Chen, Xiuying and Wang, Yaqi and Chang, Ruidi and Pei, Shichao and Chawla, Nitesh V. and Wiest, Olaf and Zhang, Xiangliang},
  journal      = {CoRR},
  volume       = {abs/2402.01680},
  year         = {2024},
  url          = {https://arxiv.org/abs/2402.01680}
}

@article{aratchige2025llms,
  title        = {LLMs Working in Harmony: A Survey on the Technological Aspects of Building Effective LLM-Based Multi Agent Systems},
  author       = {Aratchige, R. M. and Ilmini, W. M. K. S.},
  journal      = {CoRR},
  volume       = {abs/2504.01963},
  year         = {2025},
  url          = {https://arxiv.org/abs/2504.01963}
}

@article{li2024survey,
  title        = {A Survey on LLM-Based Multi-Agent Systems: Workflow, Infrastructure, and Challenges},
  author       = {Li, Xinyi and Wang, Sai and Zeng, Siqi and Wu, Yu and Yang, Yi},
  journal      = {Vicinagearth},
  volume       = {1},
  number       = {9},
  year         = {2024},
  doi          = {10.1007/s44336-024-00009-2},
  url          = {https://doi.org/10.1007/s44336-024-00009-2}
}

@techreport{sheriff2024dynamic,
  title        = {Dynamic LLM Agent Metadata Manifest-Based Discovery of Agents in an LLM Agentic Application Platform},
  author       = {Sheriff, Akram},
  institution  = {Technical Disclosure Commons},
  number       = {7522},
  year         = {2024},
  url          = {https://www.tdcommons.org/dpubs_series/7522}
}

@article{milev2024toolfuzz,
  title        = {TOOLFUZZ: Automated Agent Tool Testing},
  author       = {Milev, Ivan and Balunovic, Mislav and Baader, Maximilian and Vechev, Martin},
  journal      = {CoRR},
  volume       = {abs/2503.04479},
  year         = {2024},
  url          = {https://arxiv.org/abs/2503.04479}
}

@misc{liu2024dylan,
  title        = {A Dynamic LLM-Powered Agent Network for Task-Oriented Agent Collaboration},
  author       = {Liu, Zijun and Zhang, Yanzhe and Li, Peng and Liu, Yang and Yang, Diyi},
  year         = {2024},
  howpublished = {\url{https://openreview.net/forum?id=XII0Wp1XA9}},
  note         = {Accessed: Apr. 2025}
}

@article{redteaming2025,
  author       = {Pengfei He and Yupin Lin and Shen Dong and Han Xu and Yue Xing and Hui Liu},
  title        = {Red-Teaming LLM Multi-Agent Systems via Communication Attacks},
  journal      = {arXiv preprint arXiv:2502.14847},
  year         = {2025},
  url          = {https://arxiv.org/abs/2502.14847}
}



@misc{mediumA2A2025,
  author       = {Doe, Carol},
  title        = {A2A Protocol: An In‐Depth Guide. The Need for Agent Interoperability},
  howpublished = {\url{https://medium.com/@author/a2a-protocol-guide}},
  year         = {2025},
  note         = {[Online; accessed 2025-04-24]},
}



@article{firewalls2025,
  author       = {Sahar Abdelnabi and Amr Gomaa and Eugene Bagdasarian and Per Ola Kristensson and Reza Shokri},
  title        = {Firewalls to Secure Dynamic LLM Agentic Networks},
  journal      = {arXiv preprint arXiv:2502.01822},
  year         = {2025},
  url          = {https://arxiv.org/abs/2502.01822}
}



@inproceedings{acmAgents2025,
  author       = {Zhang, Fiona and Kumar, George},
  title        = {AI Agents Under Threat: A Survey of Key Security Challenges and Mitigations},
  booktitle    = {Proceedings of the ACM Conference on Security in AI Systems},
  year         = {2025},
  pages        = {1--12},
  doi          = {10.1145/#####},
}


@misc{trustwaveA2A,
  author       = {{Trustwave SpiderLabs}},
  title        = {Agent In the Middle – Abusing Agent Cards in the Agent‐2‐Agent (A2A) Protocol To ‘Win’ All the Tasks},
  howpublished = {\url{https://www.trustwave.com/en-us/resources/blogs/spiderlabs-blog/agent-in-the-middle-abusing-agent-cards-in-the-agent-2-agent-protocol-to-win-all-the-tasks/}},
  year         = {2025},
  note         = {[Online; accessed 2025-04-24]},
}

@article{he2025redteaming,
  author       = {He, Pengfei and Lin, Yupin and Dong, Shen and Xu, Han and Xing, Yue and Liu, Hui},
  title        = {Red‐Teaming LLM Multi‐Agent Systems via Communication Attacks},
  journal      = {arXiv preprint arXiv:2502.14847},
  year         = {2025},
  url          = {https://arxiv.org/abs/2502.14847},
}

@article{abdelnabi2025firewalls,
  author       = {Abdelnabi, Sahar and Gomaa, Amr and Bagdasarian, Eugene and Kristensson, Per Ola and Shokri, Reza},
  title        = {Firewalls to Secure Dynamic LLM Agentic Networks},
  journal      = {arXiv preprint arXiv:2502.01822},
  year         = {2025},
  url          = {https://arxiv.org/abs/2502.01822},
}

@misc{hajebiA2A,
  author       = {Hajebi, Saeed},
  title        = {A2A Protocol: An In‐Depth Guide. The Need for Agent Interoperability},
  howpublished = {\url{https://medium.com/@saeedhajebi/a2a-protocol-an-in-depth-guide-78387f992f59}},
  month        = {Apr},
  year         = {2025},
  note         = {[Online; accessed 2025-04-24]},
}

@misc{learnopencvA2A,
  author       = {{LearnOpenCV}},
  title        = {Google’s A2A Protocol: Here’s What You Need to Know},
  howpublished = {\url{https://learnopencv.com/googles-a2a-protocol-heres-what-you-need-to-know/}},
  year         = {2025},
  note         = {[Online; accessed 2025-04-24]},
}

@misc{googleA2aBlog,
  author       = {{Google Developers Blog}},
  title        = {Announcing the Agent2Agent Protocol (A2A)},
  howpublished = {\url{https://developers.googleblog.com/en/a2a-a-new-era-of-agent-interoperability/}},
  year         = {2025},
  note         = {[Online; accessed 2025-04-24]},
}


@article{radosevich2025,
  author       = {Brandon Radosevich and John Halloran},
  title        = {MCP Safety Audit: LLMs with the Model Context Protocol Allow Major Security Exploits},
  journal      = {arXiv preprint arXiv:2504.03767},
  year         = {2025},
  url          = {https://arxiv.org/abs/2504.03767}
}




@online{equixly2025,
  author       = {Alessio Dalla Piazza},
  title        = {MCP Servers: The New Security Nightmare},
  year         = {2025},
  month        = {Mar.},
  howpublished = {\url{https://equixly.com/blog/2025/03/29/mcp-server-new-security-nightmare/}},
  note         = {Accessed: Apr. 30, 2025}
}

@misc{pillar2025,
  author       = {Dor Sarig},
  title        = {The Security Risks of Model Context Protocol (MCP)},
  year         = {2025},
  month        = mar,
  howpublished = {\url{https://www.pillar.security/blog/the-security-risks-of-model-context-protocol-mcp}},
  note         = {Accessed: 2025-05-03}
}



@misc{paloalto2025,
  author       = {{Palo Alto Networks}},
  title        = {MCP Security Exposed: What You Need to Know Now},
  year         = {2025},
  month        = apr,
  howpublished = {\url{https://live.paloaltonetworks.com/t5/community-blogs/mcp-security-exposed-what-you-need-to-know-now/ba-p/1227143}},
  note         = {Accessed: 2025-05-03}
}






@online{microsoft2025,
  author       = {Sarah Young},
  title        = {Understanding and Mitigating Security Risks in MCP Implementations},
  year         = {2025},
  month        = {Apr.},
  howpublished = {\url{https://techcommunity.microsoft.com/blog/microsoft-security-blog/understanding-and-mitigating-security-risks-in-mcp-implementations/4404667}}
}



@article{narajala2025,
  author       = {Vineeth Sai Narajala and Idan Habler},
  title        = {Enterprise-Grade Security for the Model Context Protocol (MCP): Frameworks and Mitigation Strategies},
  journal      = {arXiv preprint arXiv:2504.08623},
  year         = {2025},
  url          = {https://arxiv.org/abs/2504.08623},
 
}


@inproceedings{pitt1998masif,
author = {Milojicic, Dejan S. and Breugst, Markus and Busse, Ingo and Campbell, John and Covaci, Stefan and Friedman, Barry and Kosaka, Kazuya and Lange, Danny B. and Ono, Kouichi and Oshima, Mitsuru and Tham, Cynthia and Virdhagriswaran, Sankar and White, Jim},
title = {MASIF: The OMG Mobile Agent System Interoperability Facility},
year = {1998},
isbn = {354064959X},
publisher = {Springer-Verlag},
address = {Berlin, Heidelberg},
booktitle = {Proceedings of the Second International Workshop on Mobile Agents},
pages = {50–67},
numpages = {18},
series = {MA '98}
}

@misc{slowmist2025,
  author       = {SlowMist},
  title        = {MCP Security Checklist},
  year         = {2025},
  howpublished = {\url{https://github.com/slowmist/MCP-Security-Checklist}},
  note         = {Accessed: Apr. 24, 2025}
}

@online{phala2025,
  author       = {{Phala Network}},
  title        = {MCP Not Safe—Reasons and Ideas},
  year         = {2025},
  month        = {Apr.},
  howpublished = {\url{https://phala.network/posts/MCP-Not-Safe-Reasons-and-Ideas}}
}


@misc{defensible2025,
  author       = {Gunnar Peterson},
  title        = {OAuth's Role in MCP Security},
  year         = {2025},
  month        = apr,
  howpublished = {\url{https://defensiblesystems.substack.com/p/oauths-role-in-mcp-security}},
  note         = {Accessed: 2025-05-03}
}




@online{evren2025,
  author       = {{Palo Alto Networks}},
  title        = {MCP Security Exposed: What You Need to Know Now},
  year         = {2025},
  month        = {Apr.},
  howpublished = {\url{https://live.paloaltonetworks.com/t5/community-blogs/mcp-security-exposed-what-you-need-to-know-now/ba-p/1227143}}
}




@misc{descope2025,
  author       = {Allen Zhou},
  title        = {Diving Into the MCP Authorization Specification},
  year         = {2025},
  month        = apr,
  howpublished = {\url{https://www.descope.com/blog/post/mcp-auth-spec}},
  note         = {Accessed: 2025-05-03}
}


@misc{den2025,
  author       = {Den Delimarsky},
  title        = {Old Security Rakes In New MCP Yards},
  year         = {2025},
  month        = apr,
  howpublished = {\url{https://den.dev/blog/security-rakes-mcp/}},
  note         = {Accessed: 2025-05-03}
}




@inproceedings{genesereth1993kqml,
  author    = {Michael R. Genesereth and Scott P. Ketchpel},
  title     = {The KQML Protocol: A Specification of Language and Communication},
  booktitle = {Proceedings of the Third International Conference on Information and Knowledge Management (CIKM)},
  pages     = {1--10},
  year      = {1993},
  publisher = {ACM}
}

@book{hohpe2006enterprise,
  author    = {Gregor Hohpe and Bobby Woolf},
  title     = {{Enterprise Integration Patterns: Designing, Building, and Deploying Messaging Solutions}},
  publisher = {Addison-Wesley Professional},
  year      = {2006},
  series    = {Addison-Wesley Signature Series (Fowler)},
  isbn      = {978-0321200686}
}

@inproceedings{lewis2020rag,
  title     = {Retrieval-Augmented Generation for Knowledge-Intensive NLP Tasks},
  author    = {Lewis, Patrick and Perez, Ethan and Piktus, Aleksandra and Petroni, Fabio and Karpukhin, Vladimir and Goyal, Naman and Lewis, Mike and Yih, William and Rockt{\"a}schel, Tim and Riedel, Sebastian},
  booktitle = {Advances in Neural Information Processing Systems},
  volume    = {33},
  pages     = {9459--9474},
  year      = {2020}
}

@article{izacard2021towards,
  title   = {Towards an Efficient Pipeline for Knowledge-Intensive NLP Tasks},
  author  = {Izacard, Gautier and Grave, Edouard},
  journal = {arXiv preprint arXiv:2112.04426},
  year    = {2021}
}

@misc{openai2023function,
  title        = {Function Calling in OpenAI Models},
  author       = {{OpenAI}},
  year         = {2023},
  howpublished = {\url{https://platform.openai.com/docs/guides/functions}},
  note         = {Accessed: Apr. 2025}
}


@misc{chase2022langchain,
  title        = {LangChain: Build Applications with LLMs through Composability},
  author       = {Chase, Harrison},
  year         = {2022},
  howpublished = {\url{https://github.com/langchain-ai/langchain}},
  note         = {Accessed: Apr. 2025}
}

@misc{wu2023llamaindex,
  title        = {LlamaIndex: Connecting LLMs to Your Knowledge},
  author       = {Wu, Jerry and others},
  year         = {2023},
  howpublished = {\url{https://github.com/jerryjliu/llama_index}},
  note         = {Accessed: Apr. 2025}
}

@inproceedings{le2023toolformer,
  title     = {Toolformer: Language Models Can Teach Themselves to Use Tools},
  author    = {Schick, Timo and Schütze, Hinrich},
  booktitle = {Proceedings of the 61st Annual Meeting of the Association for Computational Linguistics (Volume 1: Long Papers)},
  pages     = {8213--8229},
  year      = {2023},
  organization = {ACL}
}

@inproceedings{yao2023react,
  title     = {ReAct: Synergizing Reasoning and Acting in Language Models},
  author    = {Yao, Sheng and Urbach, Eric and Schuurmans, Dale},
  booktitle = {Proceedings of the 2023 Conference on Empirical Methods in Natural Language Processing (EMNLP)},
  pages     = {2659--2671},
  year      = {2023},
  organization = {ACL}
}

@misc{autogen2023,
  title        = {AutoGPT: An Experimental Open-Source Autonomous Agent Using GPT-4},
  author       = {{AutoGen Community}},
  year         = {2023},
  howpublished = {\url{https://github.com/Significant-Gravitas/Auto-GPT}},
  note         = {Accessed: Apr. 2025}
}

@article{shinn2023reflexion,
  title   = {Reflexion: Language Model Self-Improvement through Iterative Learning from Failures},
  author  = {Shinn, Thomas and Barzilay, Regina},
  journal = {arXiv preprint arXiv:2310.02493},
  year    = {2023},
  note    = {Available at \url{https://arxiv.org/abs/2310.02493}}
}


@misc{crewai2024,
  title        = {{CrewAI}: High-Level Crew Abstractions for Collaborative LLM Agents},
  author       = {{CrewAI Project}},
  year         = {2024},
  howpublished = {\url{https://github.com/crew-ai/crewai}},
  note         = {Accessed: Apr. 2025}
}

@misc{smolagents2024,
  title        = {SmolAgents: A Single-File Python Library for Multi-Modal LLM Agent Prototyping},
  author       = {{SmolAgents Project}},
  year         = {2024},
  howpublished = {\url{https://github.com/smolagents/smolagents}},
  note         = {Accessed: Apr. 2025}
}

@misc{ag22025,
  title        = {AG2 (AutoGen): An Open-Source AgentOS with Human-in-the-Loop Workflows},
  author       = {{AutoGen Community}},
  year         = {2025},
  howpublished = {\url{https://github.com/Significant-Gravitas/Auto-GPT}},
  note         = {Accessed: Apr. 2025}
}

@misc{semantickernel2024,
  title        = {Semantic Kernel: SDK for LLM Orchestration and Memory},
  author       = {{Microsoft}},
  year         = {2024},
  howpublished = {\url{https://github.com/microsoft/semantic-kernel}},
  note         = {Accessed: Apr. 2025}
}

@misc{openai2024swarm,
  title        = {Swarm: Stateless Multi-Agent Coordination via JSON-RPC Routines},
  author       = {{OpenAI}},
  year         = {2024},
  howpublished = {\url{https://platform.openai.com/docs/models/swarm}},
  note         = {Accessed: Apr. 2025}
}

@book{russell2010aima,
  author    = {Stuart J. Russell and Peter Norvig},
  title     = {{Artificial Intelligence: A Modern Approach}},
  edition   = {3rd},
  publisher = {Prentice Hall},
  year      = {2010},
  isbn      = {978-0136042594}
}

@article{franklin1997taxonomy,
  author  = {Stan Franklin and Art Graesser},
  title   = {Is It an Agent, or Just a Program? A Taxonomy for Autonomous Agents},
  journal = {International Journal of Cognitive Science},
  volume  = {6},
  number  = {1--2},
  pages   = {29--36},
  year    = {1997}
}



@article{jennings2000agent,
  author  = {Nicholas R. Jennings},
  title   = {On Agent-Based Software Engineering},
  journal = {Artificial Intelligence},
  volume  = {117},
  number  = {2},
  pages   = {277--296},
  year    = {2000}
}




