@article{biagioni2021powergridworld,
  title={PowerGridworld: A Framework for Multi-Agent Reinforcement Learning in Power Systems},
  author={Biagioni, David and Zhang, Xiangyu and Wald, Dylan and Vaidhynathan, Deepthi and Chintala, Rohit and King, Jennifer and Zamzam, Ahmed S},
  journal={arXiv preprint arXiv:2111.05969},
  year={2021}
}

@article{schulman2017proximal,
  title={Proximal policy optimization algorithms},
  author={Schulman, John and Wolski, Filip and Dhariwal, Prafulla and Radford, Alec and Klimov, Oleg},
  journal={arXiv preprint arXiv:1707.06347},
  year={2017}
}