@article{lesser2008design,
  title={Design of an economically efficient feed-in tariff structure for renewable energy development},
  author={Lesser, Jonathan A and Su, Xuejuan},
  journal={Energy Policy},
  volume={36},
  number={3},
  pages={981--990},
  year={2008},
  publisher={Elsevier}
}

@article{jiayi2008review,
  title={A review on distributed energy resources and MicroGrid},
  author={Jiayi, Huang and Chuanwen, Jiang and Rong, Xu},
  journal={Renewable and Sustainable Energy Reviews},
  volume={12},
  number={9},
  pages={2472--2483},
  year={2008},
  publisher={Elsevier}
}

@article{akorede2010distributed,
  title={Distributed energy resources and benefits to the environment},
  author={Akorede, Mudathir Funsho and Hizam, Hashim and Pouresmaeil, Edris},
  journal={Renewable and Sustainable Energy Reviews},
  volume={14},
  number={2},
  pages={724--734},
  year={2010},
  publisher={Elsevier}
}

@article{liu2017energy,
  title={Energy-sharing model with price-based demand response for microgrids of peer-to-peer prosumers},
  author={Liu, Nian and Yu, Xinghuo and Wang, Cheng and Li, Chaojie and Ma, Li and Lei, Jinyong},
  journal={IEEE Transactions on Power Systems},
  volume={32},
  number={5},
  pages={3569--3583},
  year={2017},
  publisher={IEEE}
}

@article{de2017price,
  title={Price-based schemes for distributed coordination of flexible demand in the electricity market},
  author={De Paola, Antonio and Angeli, David and Strbac, Goran},
  journal={IEEE Transactions on Smart Grid},
  volume={8},
  number={6},
  pages={3104--3116},
  year={2017},
  publisher={IEEE}
}

@article{xia2019small,
  title={Small-scale markets for a bilateral energy sharing economy},
  author={Xia, Bainan and Shakkottai, Srinivas and Subramanian, Vijay},
  journal={IEEE Transactions on Control of Network Systems},
  volume={6},
  number={3},
  pages={1026--1037},
  year={2019},
  publisher={IEEE}
}

@inproceedings{liu2021multi,
  title={Multi-Agent Learning in Repeated Double-side Auctions for Peer-to-peer Energy Trading},
  author={Liu, Andrew and Zhao, Zibo},
  booktitle={Proceedings of the 54th Hawaii International Conference on System Sciences},
  pages={3121},
  year={2021}
}

@article{kalathil2017sharing,
  title={The sharing economy for the electricity storage},
  author={Kalathil, Dileep and Wu, Chenye and Poolla, Kameshwar and Varaiya, Pravin},
  journal={IEEE Transactions on Smart Grid},
  volume={10},
  number={1},
  pages={556--567},
  year={2017},
  publisher={IEEE}
}

@article{long2018peer,
  title={Peer-to-peer energy sharing through a two-stage aggregated battery control in a community Microgrid},
  author={Long, Chao and Wu, Jianzhong and Zhou, Yue and Jenkins, Nick},
  journal={Applied energy},
  volume={226},
  pages={261--276},
  year={2018},
  publisher={Elsevier}
}

@article{light2021general,
  title={General equilibrium in a heterogeneous-agent incomplete-market economy with many consumption goods and a risk-free bond},
  author={Light, Bar},
  journal={Available at SSRN 3819646},
  year={2021}
}

@misc{light2020mean,
      title={Mean Field Equilibrium: Uniqueness, Existence, and Comparative Statics}, 
      author={Bar Light and Gabriel Weintraub},
      year={2020},
      eprint={1903.02273},
      archivePrefix={arXiv},
}

@article{UC_review,
  title={Stochastic optimization for unit commitment—A review},
  author={Zheng, Qipeng P and Wang, Jianhui and Liu, Andrew L},
  journal={IEEE Transactions on Power Systems},
  volume={30},
  number={4},
  pages={1913--1924},
  year={2014},
  publisher={IEEE}
}

@incollection{bosquezfoti2012power,
  title={Power Grid and Electrical Power System Security},
  author={Bosquezfoti, Veronica R and Liu, Andrew L},
  booktitle={Springer Handbook of Automation},
  pages={1015--1034},
  year={2012},
  publisher={Springer}
}

@misc{100KWSolar,
title = {100{KW} SOLAR SYSTEMS},
howpublished = {\url{https://www.cherryenergysolutions.com.au/100kw-solar-systems/}},
}

@article{wang2015review,
  title={Review of real-time electricity markets for integrating distributed energy resources and demand response},
  author={Wang, Qi and Zhang, Chunyu and Ding, Yi and Xydis, George and Wang, Jianhui and {\O}stergaard, Jacob},
  journal={Applied Energy},
  volume={138},
  pages={695--706},
  year={2015},
  publisher={Elsevier}
}

@article{amoroso2012advantages,
  title={Advantages of efficiency-aware smart charging strategies for {PEV}s},
  author={Amoroso, Francesco A and Cappuccino, Gregorio},
  journal={Energy Conversion and Management},
  volume={54},
  number={1},
  pages={1--6},
  year={2012},
  publisher={Elsevier}
}

@book{bertsekas2003convex,
  title={Convex analysis and optimization},
  author={Bertsekas, Dimitri and Nedic, Angelia and Ozdaglar, Asuman},
  volume={1},
  year={2003},
  publisher={Athena Scientific}
}

@book{guide2006infinite,
  title={Infinite dimensional analysis: {A} Hitchhiker’s Guide},
  author={Charalambos D. Aliprantis and Kim C. Border},
  year={2006},
  publisher={Springer}
}

@book{bertsekas1996stochastic,
  title={Stochastic optimal control: the discrete-time case},
  author={Bertsekas, Dimitri and Shreve, Steven E},
  volume={5},
  year={1996},
  publisher={Athena Scientific}
}

@book{Rockafellar,
  title={Convex analysis},
  author={Rockafellar, R Tyrrell},
  volume={28},
  year={1997},
  publisher={Princeton University Press}
}


@book{Topology,
   title =     {Topology},
   author =    {James Munkres},
   publisher = {Pearson Education Limited},
   year =      {2014},
   series =    {},
   edition =   {2},
   volume =    {},
}

@book{book:110160,
   title =     {Convergence of probability measures},
   author =    {Patrick Billingsley},
   publisher = {Wiley},
   year =      {1999},
   series =    {Wiley series in probability and statistics. Probability and statistics section},
   edition =   {2nd ed},
   volume =    {},
}

@book{book:770810,
   title =     {Asymptotic Statistics},
   author =    {A. W. van der Vaart},
   publisher = {Cambridge University Press},
   year =      {2000},
   series =    {Cambridge Series in Statistical and Probabilistic Mathematics},
   edition =   {},
   volume =    {},
}

@book{book:1330668,
   title =     {Dynamic programming and optimal control},
   author =    {Bertsekas D.P},
   publisher = {Athena Scientific},
   year =      {1995},
   series =    {},
   edition =   {},
   volume =    {2},
}

@book{book:588470,
   title =     {Real Analysis (4th Edition)},
   author =    {Halsey Royden, Patrick Fitzpatrick},
   publisher = {Prentice Hall},
   year =      {2010},
   series =    {},
   edition =   {4},
   volume =    {},
}
%wholesale market design
@article{chen2022competitive,
  title={Competitive der aggregation for participation in wholesale markets},
  author={Chen, Cong and Alahmed, Ahmed S and Mount, Timothy D and Tong, Lang},
  journal={arXiv preprint arXiv:2207.00290},
  year={2022}
}

@inproceedings{li2018integrating,
  title={Integrating Demand Response and Renewable Energy In Wholesale Market.},
  author={Li, Chaojie and Liu, Chen and Yu, Xinghuo and Deng, Ke and Huang, Tingwen and Liu, Liangchen},
  booktitle={IJCAI},
  pages={382--388},
  year={2018}
}

@article{chen2024wholesale,
  title={Wholesale Market Participation of {DERA}s: {DSO-DERA-ISO} Coordination},
  author={Chen, Cong and Bose, Subhonmesh and Mount, Timothy D and Tong, Lang},
  journal={IEEE Transactions on Power Systems},
  year={2024},
  publisher={IEEE}
}

@article{liu2020data,
  title={Data-driven decision-making strategies for electricity retailers: A deep reinforcement learning approach},
  author={Liu, Yuankun and Zhang, Dongxia and Gooi, Hoay Beng},
  journal={CSEE Journal of Power and Energy Systems},
  volume={7},
  number={2},
  pages={358--367},
  year={2020},
  publisher={CSEE}
}

@article{shafie2014stochastic,
  title={A stochastic multi-layer agent-based model to study electricity market participants behavior},
  author={Shafie-khah, Miadreza and Catal{\~a}o, Jo{\~a}o PS},
  journal={IEEE Transactions on Power Systems},
  volume={30},
  number={2},
  pages={867--881},
  year={2014},
  publisher={IEEE}
}

%mean-field game
@article{de2019mean,
  title={A mean field game approach for distributed control of thermostatic loads acting in simultaneous energy-frequency response markets},
  author={De Paola, Antonio and Trovato, Vincenzo and Angeli, David and Strbac, Goran},
  journal={IEEE Transactions on Smart Grid},
  volume={10},
  number={6},
  pages={5987--5999},
  year={2019},
  publisher={IEEE}
}

@article{adlakha2013mean,
  title={Mean field equilibrium in dynamic games with strategic complementarities},
  author={Adlakha, Sachin and Johari, Ramesh},
  journal={Operations Research},
  volume={61},
  number={4},
  pages={971--989},
  year={2013},
  publisher={INFORMS}
}

@article{agarwal2022reinforcement,
  title={Reinforcement learning for mean-field game},
  author={Agarwal, Mridul and Aggarwal, Vaneet and Ghosh, Arnob and Tiwari, Nilay},
  journal={Algorithms},
  volume={15},
  number={3},
  pages={73},
  year={2022},
  publisher={MDPI}
}

@article{light2022mean,
  title={Mean field equilibrium: uniqueness, existence, and comparative statics},
  author={Light, Bar and Weintraub, Gabriel Y},
  journal={Operations Research},
  volume={70},
  number={1},
  pages={585--605},
  year={2022},
  publisher={INFORMS}
}

@article{adlakha2015equilibria,
  title={Equilibria of dynamic games with many players: Existence, approximation, and market structure},
  author={Adlakha, Sachin and Johari, Ramesh and Weintraub, Gabriel Y},
  journal={Journal of Economic Theory},
  volume={156},
  pages={269--316},
  year={2015},
  publisher={Elsevier}
}

#OTHER
@article{krishnamurthy20158,
  title={An 8-zone test system based on {ISO} {N}ew {E}ngland data: Development and application},
  author={Krishnamurthy, Dheepak and Li, Wanning and Tesfatsion, Leigh},
  journal={IEEE Transactions on Power Systems},
  volume={31},
  number={1},
  pages={234--246},
  year={2015},
  publisher={IEEE}
}

@misc{CAISO, Author ={{The California Independent System Operator}},url={https://www.caiso.com/market/Pages/MarketProcesses.aspx},Title = {{California ISO - Market Processes}} }

@unpublished{zhaoliu,
author = {Zhao, Zibo and Liu, Andrew L.},
type = {Working Paper},
title = {Decentralized Demand Response Integration with Wholesale Electricity Markets via Multi-agent Bandit Games
},
year = {2024}
}

@inproceedings{ZhaoLiu_MAB,
  title={Electricity demand response under real-time pricing: A multi-armed bandit game},
  author={Zhao, Zibo and Liu, Andrew L and Chen, Yihsu},
  booktitle={2018 Asia-Pacific Signal and Information Processing Association Annual Summit and Conference (APSIPA ASC)},
  pages={748--756},
  year={2018},
  organization={IEEE}
}

@article{roozbehani2012volatility,
  title={Volatility of power grids under real-time pricing},
  author={Roozbehani, Mardavij and Dahleh, Munther A and Mitter, Sanjoy K},
  journal={IEEE Transactions on Power Systems},
  volume={27},
  number={4},
  pages={1926--1940},
  year={2012},
  publisher={IEEE}
}

@book{Puterman_MDP,
  title={Markov decision processes: discrete stochastic dynamic programming},
  author={Puterman, Martin L},
  year={2014},
  publisher={John Wiley \& Sons}
}

@book{ConvexFunctions,
  title={Convex functions, partial orderings, and statistical applications},
  author={Peajcariaac, Josip E and Tong, Yung Liang},
  year={1992},
  publisher={Academic Press}
}

@article{Mangasarian_LipCont,
  title={Lipschitz continuity of solutions of linear inequalities, programs and complementarity problems},
  author={Mangasarian, Olvi L and Shiau, T-H},
  journal={SIAM Journal on Control and Optimization},
  volume={25},
  number={3},
  pages={583--595},
  year={1987},
  publisher={SIAM}
}

@misc{FERC2222,
  author       = {{FERC}},
  title        = {{Order No. 2222: Participation of Distributed Energy Resource Aggregations in Markets Operated by Regional Transmission Organizations and Independent System Operators}},
  howpublished = {https://www.ferc.gov/ferc-order-no-2222-explainer-facilitating-participation-electricity-markets-distributed-energy},
  month        = sep,
  year         = {2020},
  note         = {Accessed: 2024-08-30},
}

@article{BertsekasDP,
  title={Dynamic programming and optimal control: {V}olume 2},
  author={Bertsekas, Dimitri P and others},
  journal={Belmont, MA: Athena Scientific},
 Edition = {3},
  year={2007}
}

@article{fiacco1986convexity,
  title={Convexity and concavity properties of the optimal value function in parametric nonlinear programming},
  author={Fiacco, Anthony V and Kyparisis, Jerzy},
  journal={Journal of Optimization Theory and Applications},
  volume={48},
  number={1},
  pages={95--126},
  year={1986},
  publisher={Springer}
}

@article{ABS_Review1,
  title={Agent-based modelling and simulation of smart electricity grids and markets -- a literature review},
  author={Ringler, Philipp and Keles, Dogan and Fichtner, Wolf},
  journal={Renewable and Sustainable Energy Reviews},
  volume={57},
  pages={205--215},
  year={2016},
  publisher={Elsevier}
}

@misc{ABS_Review2,
  title={Agent-based simulation of electricity markets: a literature review},
  author={Sensfu{\ss}, Frank and Ragwitz, Mario and Genoese, Massimo and M{\"o}st, Dominik},
  year={2007},
  howpublished = {Working Paper Sustainability and Innovation, No. S5/2007, Fraunhofer Institute for Systems and Innovation Research (ISI)}
}

@incollection{ABS_BookChapter,
 author={Guerci, Eric and Rastegar, Mohammad Ali and Cincotti, Silvano},
  title     = "Agent-based modeling and simulation of competitive wholesale electricity markets",
  booktitle = "Handbook of Power Systems II",
  publisher={Springer},
  year      = "2010",
  editor    = " Steffen Rebennack and Panos M. Pardalos and Mario V. F. Pereira and Niko A. Iliadis",
  volume    = "",
  number    = "",
  series    = "",
  type      = "",
  chapter   = "",
 pages={241--286},
  edition   = "",
  month     = "",
  address   = "",
  note      = "",
  annote    = ""
}

@inproceedings{ArgonneABS1,
  title        = {E-laboratories : agent-based modeling of electricity markets},
  author       = {
North, M and Conzelmann, G and Koritarov, V and Macal, C and Thimmapuram, P and Veselka, T},
  year         = 2002,
  booktitle    = {Proceedings of the 2002 American Power Conference},
}

@inproceedings{ArgonneABS2,
  title={Agent-based modeling of electric power markets},
  author={Macal, Charles and Thimmapuram, Prakash and Koritarov, Vladimir and Conzelmann, Guenter and Veselka, Thomas and North, Michael and Mahalik, Matthew and Botterud, Audun and Cirillo, Richard},
  booktitle={Proceedings of the Winter Simulation Conference 2014},
  pages={276--287},
  year={2014},
  organization={IEEE}
}
@article{ABS_Price,
  title={Using co-evolutionary programming to simulate strategic behaviour in markets},
  author={Price, Tony Curzon},
  journal={Journal of Evolutionary Economics},
  volume={7},
  pages={219--254},
  year={1997},
  publisher={Springer}
}

@article{XueMARL,
  title={Approximating Nash equilibrium in day-ahead electricity market bidding with multi-agent deep reinforcement learning},
  author={Du, Yan and Li, Fangxing and Zandi, Helia and Xue, Yaosuo},
  journal={Journal of Modern Power Systems and Clean Energy},
  volume={9},
  number={3},
  pages={534--544},
  year={2021},
  publisher={SGEPRI}
}

@article{GoranMARL,
  title={Multi-agent deep reinforcement learning for coordinated energy trading and flexibility services provision in local electricity markets},
  author={Ye, Yujian and Papadaskalopoulos, Dimitrios and Yuan, Quan and Tang, Yi and Strbac, Goran},
  journal={IEEE Transactions on Smart Grid},
  volume={14},
  number={2},
  pages={1541--1554},
  year={2022},
  publisher={IEEE}
}

@article{Tesfatsion,
  title={Dynamic testing of wholesale power market designs: An open-source agent-based framework},
  author={Sun, Junjie and Tesfatsion, Leigh},
  journal={Computational Economics},
  volume={30},
  pages={291--327},
  year={2007},
  publisher={Springer}
}

@article{Bunn,
  title={Agent-based simulation-an application to the new electricity trading arrangements of {E}ngland and {W}ales},
  author={Bunn, Derek W. and Oliveira, Fernardo S.},
  journal={IEEE transactions on Evolutionary Computation},
  volume={5},
  number={5},
  pages={493--503},
  year={2001},
  publisher={IEEE}
}

@inproceedings{Ilic,
  title={Dynamic games-based modeling of electricity markets},
  author={Visudhiphan, Poonsaeng and Ilic, Marija D},
  booktitle={IEEE Power Engineering Society Winter Meeting},
  volume={1},
  pages={274--281},
  year={1999},
  organization={IEEE}
}

@inproceedings{Rogers,
  title={Agent-based control for decentralised demand side management in the smart grid},
  author={Ramchurn, Sarvapali D and Vytelingum, Perukrishnen and Rogers, Alex and Jennings, Nick},
  booktitle={The 10th International Conference on Autonomous Agents and Multiagent Systems-Volume 1},
  pages={5--12},
  year={2011},
  organization={International Foundation for Autonomous Agents and Multiagent Systems}
}



@article{Roth1,
  title={Learning in extensive-form games: Experimental data and simple dynamic models in the intermediate term},
  author={Roth, Alvin E and Erev, Ido},
  journal={Games and economic behavior},
  volume={8},
  number={1},
  pages={164--212},
  year={1995},
  publisher={Elsevier}
}

@article{Roth2,
  title={Predicting how people play games: Reinforcement learning in experimental games with unique, mixed strategy equilibria},
  author={Erev, Ido and Roth, Alvin E},
  journal={American Economic Review},
  pages={848--881},
  year={1998},
  publisher={JSTOR}
}

@article{RLBook,
  title={Reinforcement learning: {A}n introduction},
  author={Sutton, Richard S and Andrew C. Barto},
  journal={The MIT Press},
  year={2018}
}

@article{MarkovNash,
  title={Markov--Nash equilibria in mean-field games with discounted cost},
  author={Saldi, Naci and Basar, Tamer and Raginsky, Maxim},
  journal={SIAM Journal on Control and Optimization},
  volume={56},
  number={6},
  pages={4256--4287},
  year={2018},
  publisher={SIAM}
}

@article{hobbs1986network,
  title={Network models of spatial oligopoly with an application to deregulation of electricity generation},
  author={Hobbs, Benjamin F},
  journal={Operations Research},
  volume={34},
  number={3},
  pages={395--409},
  year={1986},
  publisher={INFORMS}
}

@article{willems2002modeling,
  title={Modeling {C}ournot competition in an electricity market with transmission constraints},
  author={Willems, Bert},
  journal={The Energy Journal},
  volume={23},
  number={3},
  pages={95--125},
  year={2002},
  publisher={SAGE Publications Sage CA: Los Angeles, CA}
}
@article{neuhoff2005network,
  title={Network-constrained {C}ournot models of liberalized electricity markets: the devil is in the details},
  author={Neuhoff, Karsten and Barquin, Julian and Boots, Maroeska G and Ehrenmann, Andreas and Hobbs, Benjamin F and Rijkers, Fieke AM and Vazquez, Miguel},
  journal={Energy Economics},
  volume={27},
  number={3},
  pages={495--525},
  year={2005},
  publisher={Elsevier}
}

@article{metzler2003nash,
  title={Nash-{C}ournot equilibria in power markets on a linearized {DC} network with arbitrage: Formulations and properties},
  author={Metzler, Carolyn and Hobbs, Benjamin F and Pang, Jong-Shi},
  journal={Networks and Spatial Economics},
  volume={3},
  pages={123--150},
  year={2003},
  publisher={Springer}
}

@article{baldick2004theory,
  title={Theory and application of linear supply function equilibrium in electricity markets},
  author={Baldick, Ross and Grant, Ryan and Kahn, Edward},
  journal={Journal of Regulatory Economics},
  volume={25},
  pages={143--167},
  year={2004},
  publisher={Springer}
}

@article{rudkevich2005supply,
  title={On the supply function equilibrium and its applications in electricity markets},
  author={Rudkevich, Aleksandr},
  journal={Decision Support Systems},
  volume={40},
  number={3-4},
  pages={409--425},
  year={2005},
  publisher={Elsevier}
}

@article{holmberg2010supply,
  title={The supply function equilibrium and its policy implications for wholesale electricity auctions},
  author={Holmberg, P{\"a}r and Newbery, David},
  journal={Utilities Policy},
  volume={18},
  number={4},
  pages={209--226},
  year={2010},
  publisher={Elsevier}
}

@article{anderson2005supply,
  title={Supply function equilibrium in electricity spot markets with contracts and price caps},
  author={Anderson, Edward J and Xu, Huifu},
  journal={Journal of Optimization Theory and Applications},
  volume={124},
  number={2},
  pages={257--283},
  year={2005},
  publisher={Springer}
}

@article{anderson2002using,
  title={Using supply functions for offering generation into an electricity market},
  author={Anderson, Edward J and Philpott, Andrew B},
  journal={Operations Research},
  volume={50},
  number={3},
  pages={477--489},
  year={2002},
  publisher={INFORMS}
}

@book{GameTheory,
Author = {D. Fudenberg and J. Tirole},
Year = {1991},
Title = {Game Theory},
Publisher = {The MIT Press}
}

@article{guo2019learning,
  title={Learning mean-field games},
  author={Guo, Xin and Hu, Anran and Xu, Renyuan and Zhang, Junzi},
  journal={Advances in Neural Information Processing Systems},
  volume={32},
  year={2019}
}

@article{gu2024mean,
  title={Mean-field multiagent reinforcement learning: A decentralized network approach},
  author={Gu, Haotian and Guo, Xin and Wei, Xiaoli and Xu, Renyuan},
  journal={Mathematics of Operations Research},
  year={2024},
  publisher={INFORMS}
}

@inproceedings{Yang_LearnPlayMFG,
  title={Learning while playing in mean-field games: Convergence and optimality},
  author={Xie, Qiaomin and Yang, Zhuoran and Wang, Zhaoran and Minca, Andreea},
  booktitle={International Conference on Machine Learning},
  pages={11436--11447},
  year={2021},
  organization={PMLR}
}


@article{Liu_Collusion1,
  title={Collusive game solutions via optimization},
  author={Harrington, JE and Hobbs, Benjamin F and Pang, Jong-Shi and Liu, A and Roch, G},
  journal={Mathematical programming},
  volume={104},
  pages={407--435},
  year={2005},
  publisher={Springer}
}

@article{Liu_Collusion2,
  title={Tacit collusion games in pool-based electricity markets under transmission constraints},
  author={Liu, Andrew L and Hobbs, Benjamin F},
  journal={Mathematical Programming},
  volume={140},
  pages={351--379},
  year={2013},
  publisher={Springer}
}

@inproceedings{Liu_Collusion3,
  title={Repeated games in electricity spot and forward markets-An equilibrium modeling and computational framework},
  author={Liu, Andrew L},
  booktitle={2010 48th Annual Allerton Conference on Communication, Control, and Computing (Allerton)},
  pages={66--71},
  year={2010},
  organization={IEEE}
}

@article{fabra2005price,
  title={Price wars and collusion in the Spanish electricity market},
  author={Fabra, Natalia and Toro, Juan},
  journal={International Journal of Industrial Organization},
  volume={23},
  number={3-4},
  pages={155--181},
  year={2005},
  publisher={Elsevier}
}

@article{anderson2011implicit,
  title={Implicit collusion and individual market power in electricity markets},
  author={Anderson, Edward J and Cau, Thai DH},
  journal={European Journal of Operational Research},
  volume={211},
  number={2},
  pages={403--414},
  year={2011},
  publisher={Elsevier}
}

@article{MFG_DM,
  title={Mean-field games and dynamic demand management in power grids},
  author={Bagagiolo, Fabio and Bauso, Dario},
  journal={Dynamic Games and Applications},
  volume={4},
  pages={155--176},
  year={2014},
  publisher={Springer}
}

@article{MFG_PriceDynamics,
  title={Price dynamics for electricity in smart grid via mean-field-type games},
  author={Djehiche, Boualem and Barreiro-Gomez, Julian and Tembine, Hamidou},
  journal={Dynamic Games and Applications},
  volume={10},
  pages={798--818},
  year={2020},
  publisher={Springer}
}

@article{MFG_EV1,
  title={A mean-field game method for decentralized charging coordination of a large population of plug-in electric vehicles},
  author={Tajeddini, Mohammad Amin and Kebriaei, Hamed},
  journal={IEEE Systems Journal},
  volume={13},
  number={1},
  pages={854--863},
  year={2018},
  publisher={IEEE}
}

@article{MFG_EV2,
  title={A mean field game theoretic approach to electric vehicles charging},
  author={Zhu, Ziming and Lambotharan, Sangarapillai and Chin, Woon Hau and Fan, Zhong},
  journal={IEEE Access},
  volume={4},
  pages={3501--3510},
  year={2016},
  publisher={IEEE}
}

@article{mondal2022approximation,
  title={On the approximation of cooperative heterogeneous multi-agent reinforcement learning {(MARL)} using mean field control {(MFC)}},
  author={Mondal, Washim Uddin and Agarwal, Mridul and Aggarwal, Vaneet and Ukkusuri, Satish V},
  journal={Journal of Machine Learning Research},
  volume={23},
  number={129},
  pages={1--46},
  year={2022}
}


@article{guo2023general,
  title={A general framework for learning mean-field games},
  author={Guo, Xin and Hu, Anran and Xu, Renyuan and Zhang, Junzi},
  journal={Mathematics of Operations Research},
  volume={48},
  number={2},
  pages={656--686},
  year={2023},
  publisher={INFORMS}
}

@misc{CAISO_HASP,
title = {Hour-Ahead Scheduling Process},
author = {{California ISO}},
howpublished = {\url{https://bpmcm.caiso.com/Lists/PRR%20Details/Attachments/171/Market%20Operations%20BPM%20language%20for%20HASP%20AS.docx}}
}


@book{Powell,
  title={Approximate Dynamic Programming: Solving the Curses of Dimensionality},
  author={Powell, Warren B},
  year={2011},
edition = {2},
  publisher={John Wiley \& Sons}
}

@misc{HeLiu24,
  title={Evaluating the Impact of Multiple DER Aggregators on Wholesale Energy Markets: A Hybrid Mean Field Approach},
  author={He, Jun and Liu, Andrew L},
 howpublished={arXiv preprint arXiv:2409.00107},
  year={2024}
}
