@online{aggregator,
  Author = {{Federal Energy Regulatory Commission}},
  Howpublished = {\url{https://www.ferc.gov/ferc-order-no-2222-explainer-facilitating-participation-electricity-markets-distributed-energy}},
  Year = {2023},
Title = {FERC Order No. 2222 Explainer: Facilitating Participation in Electricity Markets by Distributed Energy Resources}
}

@book{wood2013power,
  title={Power generation, operation, and control},
  author={Wood, Allen J and Wollenberg, Bruce F and Shebl{\'e}, Gerald B},
  year={2013},
  publisher={John Wiley \& Sons}
}