@article{amin2005toward,
	title={Toward a smart grid: power delivery for the 21st century},
	author={Amin, S Massoud and Wollenberg, Bruce F},
	journal={IEEE power and energy magazine},
	volume={3},
	number={5},
	pages={34--41},
	year={2005},
	publisher={IEEE}
}

@article{fang2011smart,
	title={Smart gridâ€”The new and improved power grid: A survey},
	author={Fang, Xi and Misra, Satyajayant and Xue, Guoliang and Yang, Dejun},
	journal={IEEE communications surveys \& tutorials},
	volume={14},
	number={4},
	pages={944--980},
	year={2011},
	publisher={Ieee}
}
@article{gungor2011smart,
	title={Smart grid technologies: Communication technologies and standards},
	author={Gungor, Vehbi C and Sahin, Dilan and Kocak, Taskin and Ergut, Salih and Buccella, Concettina and Cecati, Carlo and Hancke, Gerhard P},
	journal={IEEE transactions on Industrial informatics},
	volume={7},
	number={4},
	pages={529--539},
	year={2011},
	publisher={IEEE}
}
@article{yan2012survey,
	title={A survey on smart grid communication infrastructures: Motivations, requirements and challenges},
	author={Yan, Ye and Qian, Yi and Sharif, Hamid and Tipper, David},
	journal={IEEE communications surveys \& tutorials},
	volume={15},
	number={1},
	pages={5--20},
	year={2012},
	publisher={IEEE}
}
@article{dileep2020survey,
	title={A survey on smart grid technologies and applications},
	author={Dileep, G},
	journal={Renewable energy},
	volume={146},
	pages={2589--2625},
	year={2020},
	publisher={Elsevier}
}
@article{wang2011survey,
	title={A survey on the communication architectures in smart grid},
	author={Wang, Wenye and Xu, Yi and Khanna, Mohit},
	journal={Computer networks},
	volume={55},
	number={15},
	pages={3604--3629},
	year={2011},
	publisher={Elsevier}
}
@article{langner2011stuxnet,
	title={Stuxnet: Dissecting a cyberwarfare weapon},
	author={Langner, Ralph},
	journal={IEEE Security \& Privacy},
	volume={9},
	number={3},
	pages={49--51},
	year={2011},
	publisher={IEEE}
}
@article{case2016analysis,
	title={Analysis of the cyber attack on the Ukrainian power grid},
	author={Case, Defense Use},
	journal={Electricity Information Sharing and Analysis Center (E-ISAC)},
	volume={388},
	number={1-29},
	pages={3},
	year={2016}
}
@article{iyer2011cyber,
	title={Cyber security for smart grid, cryptography, and privacy},
	author={Iyer, Swapna},
	journal={International Journal of Digital Multimedia Broadcasting},
	volume={2011},
	year={2011},
	publisher={Hindawi}
}
@inproceedings{antonakakis2017understanding,
	title={Understanding the mirai botnet},
	author={Antonakakis, Manos and April, Tim and Bailey, Michael and Bernhard, Matt and Bursztein, Elie and Cochran, Jaime and Durumeric, Zakir and Halderman, J Alex and Invernizzi, Luca and Kallitsis, Michalis and others},
	booktitle={26th $\{$USENIX$\}$ security symposium ($\{$USENIX$\}$ Security 17)},
	pages={1093--1110},
	year={2017}
}
@article{mo2011cyber,
	title={Cyber--physical security of a smart grid infrastructure},
	author={Mo, Yilin and Kim, Tiffany Hyun-Jin and Brancik, Kenneth and Dickinson, Dona and Lee, Heejo and Perrig, Adrian and Sinopoli, Bruno},
	journal={Proceedings of the IEEE},
	volume={100},
	number={1},
	pages={195--209},
	year={2011},
	publisher={IEEE}
}
@article{liu2011false,
	title={False data injection attacks against state estimation in electric power grids},
	author={Liu, Yao and Ning, Peng and Reiter, Michael K},
	journal={ACM Transactions on Information and System Security (TISSEC)},
	volume={14},
	number={1},
	pages={1--33},
	year={2011},
	publisher={ACM New York, NY, USA}
}
@article{he2016cyber,
	title={Cyber-physical attacks and defences in the smart grid: a survey},
	author={He, Haibo and Yan, Jun},
	journal={IET Cyber-Physical Systems: Theory \& Applications},
	volume={1},
	number={1},
	pages={13--27},
	year={2016},
	publisher={Wiley Online Library}
}
@inproceedings{zeller2011common,
	title={Common questions and answers addressing the aurora vulnerability},
	author={Zeller, Mark},
	booktitle={DistribuTECH Conference},
	year={2011}
}
@article{cui2012coordinated,
	title={Coordinated data-injection attack and detection in the smart grid: A detailed look at enriching detection solutions},
	author={Cui, Shuguang and Han, Zhu and Kar, Soummya and Kim, Tung T and Poor, H Vincent and Tajer, Ali},
	journal={IEEE Signal Processing Magazine},
	volume={29},
	number={5},
	pages={106--115},
	year={2012},
	publisher={IEEE}
}
@article{xiang2017coordinated,
	title={Coordinated attacks on electric power systems in a cyber-physical environment},
	author={Xiang, Yingmeng and Wang, Lingfeng and Liu, Nian},
	journal={Electric Power Systems Research},
	volume={149},
	pages={156--168},
	year={2017},
	publisher={Elsevier}
}

@incollection{kitchin2020security,
  title={The (in) security of smart cities: Vulnerabilities, risks, mitigation, and prevention},
  author={Kitchin, Rob and Dodge, Martin},
  booktitle={Smart cities and innovative Urban technologies},
  pages={47--65},
  year={2020},
  publisher={Routledge}
}
@article{park2016game,
  title={Game theory-based bi-level pricing scheme for smart grid scheduling control algorithm},
  author={Park, Youngjae and Kim, Sungwook},
  journal={Journal of Communications and Networks},
  volume={18},
  number={3},
  pages={484--492},
  year={2016},
  publisher={KICS}
}
@article{sheng2011cyber,
	title={Cyber attack impact on power system blackout},
	author={Sheng, Su and Yingkun, Wang and Yuyi, Long and Yong, Li and Yu, Jiang},
	year={2011},
	publisher={IET}
}
@article{bronk2013cyber,
	title={The cyber attack on Saudi Aramco},
	author={Bronk, Christopher and Tikk-Ringas, Eneken},
	journal={Survival},
	volume={55},
	number={2},
	pages={81--96},
	year={2013},
	publisher={Taylor \& Francis}
}
@article{sridhar2011cyber,
	title={Cyber--physical system security for the electric power grid},
	author={Sridhar, Siddharth and Hahn, Adam and Govindarasu, Manimaran},
	journal={Proceedings of the IEEE},
	volume={100},
	number={1},
	pages={210--224},
	year={2011},
	publisher={IEEE}
}
@inproceedings{wang2002detecting,
	title={Detecting SYN flooding attacks},
	author={Wang, Haining and Zhang, Danlu and Shin, Kang G},
	booktitle={Proceedings. Twenty-first annual joint conference of the IEEE computer and communications societies},
	volume={3},
	pages={1530--1539},
	year={2002},
	organization={IEEE}
}

@article{buczak2015survey,
	title={A survey of data mining and machine learning methods for cyber security intrusion detection},
	author={Buczak, Anna L and Guven, Erhan},
	journal={IEEE Communications surveys \& tutorials},
	volume={18},
	number={2},
	pages={1153--1176},
	year={2015},
	publisher={IEEE}
}

@misc{symantec2017dragonfly,
	title={Dragonfly: Western energy sector targeted by sophisticated attack group},
	author={Symantec, O},
	year={2017}
}
@article{farhangi2009path,
	title={The path of the smart grid},
	author={Farhangi, Hassan},
	journal={IEEE power and energy magazine},
	volume={8},
	number={1},
	pages={18--28},
	year={2009},
	publisher={IEEE}
}

@article{ten2010cybersecurity,
	title={Cybersecurity for critical infrastructures: Attack and defense modeling},
	author={Ten, Chee-Wooi and Manimaran, Govindarasu and Liu, Chen-Ching},
	journal={IEEE Transactions on Systems, Man, and Cybernetics-Part A: Systems and Humans},
	volume={40},
	number={4},
	pages={853--865},
	year={2010},
	publisher={IEEE}
}
@article{amin2002security,
	title={Security challenges for the electricity infrastructure},
	author={Amin, Massoud},
	journal={Computer},
	volume={35},
	number={4},
	pages={supl8--supl10},
	year={2002},
	publisher={IEEE}
}

@article{stoustrup2019smart,
	title={Smart grid control},
	author={Stoustrup, Jakob and Annaswamy, Anuradha and Chakrabortty, Aranya and Qu, Zhihua},
	journal={Springer International Publishing. doi},
	volume={10},
	pages={978--3},
	year={2019},
	publisher={Springer}
}
@article{santacana2010getting,
	title={Getting smart},
	author={Santacana, Enrique and Rackliffe, Gary and Tang, Le and Feng, Xiaoming},
	journal={IEEE power and energy magazine},
	volume={8},
	number={2},
	pages={41--48},
	year={2010},
	publisher={IEEE}
}
@article{baig2013analysis,
	title={An Analysis of Smart Grid Attacks and Countermeasures.},
	author={Baig, Zubair A and Amoudi, Abdul-Raoof},
	journal={J. Commun.},
	volume={8},
	number={8},
	pages={473--479},
	year={2013}
}
@inproceedings{yang2011impact,
	title={Impact of cyber-security issues on smart grid},
	author={Yang, Yi and Littler, Tim and Sezer, Sakir and McLaughlin, Kieran and Wang, HF},
	booktitle={2011 2nd IEEE PES International Conference and Exhibition on Innovative Smart Grid Technologies},
	pages={1--7},
	year={2011},
	organization={IEEE}
}
@inproceedings{gunduz2018analysis,
	title={Analysis of cyber-attacks on smart grid applications},
	author={Gunduz, M Zekeriya and Das, Resul},
	booktitle={2018 International Conference on Artificial Intelligence and Data Processing (IDAP)},
	pages={1--5},
	year={2018},
	organization={IEEE}
}
@article{komninos2014survey,
	title={Survey in smart grid and smart home security: Issues, challenges and countermeasures},
	author={Komninos, Nikos and Philippou, Eleni and Pitsillides, Andreas},
	journal={IEEE Communications Surveys \& Tutorials},
	volume={16},
	number={4},
	pages={1933--1954},
	year={2014},
	publisher={IEEE}
}
@article{businessweek2018big,
	title={The big hack: How China used a tiny chip to infiltrate US companies},
	author={Businessweek, Bloomberg},
	journal={Bloomberg, New York, NY, USA, Tech. Rep},
	volume={4},
	year={2018}
}
@inproceedings{duman2019modeling,
	title={Modeling supply chain attacks in IEC 61850 substations},
	author={Duman, Onur and Ghafouri, Mohsen and Kassouf, Marthe and Atallah, Ribal and Wang, Lingyu and Debbabi, Mourad},
	booktitle={2019 IEEE International Conference on Communications, Control, and Computing Technologies for Smart Grids (SmartGridComm)},
	pages={1--6},
	year={2019},
	organization={IEEE}
}
@inproceedings{rao2021iot,
	title={The IoT Supply Chain Attack Trends-Vulnerabilities and Preventive Measures},
	author={Rao, V Venkateswara and Marshal, R and Gobinath, K},
	booktitle={2021 4th International Conference on Security and Privacy (ISEA-ISAP)},
	pages={1--4},
	year={2021},
	organization={IEEE}
}
@article{yanmei2024enhanced,
  title={Enhanced neighborhood node graph neural networks for load forecasting in smart grid},
  author={Yanmei, Jiang and Mingsheng, Liu and Yangyang, Li and Yaping, Liu and Jingyun, Zhang and Yifeng, Liu and Chunyang, Liu},
  journal={International Journal of Machine Learning and Cybernetics},
  volume={15},
  number={1},
  pages={129--148},
  year={2024},
  publisher={Springer}
}
@article{wolff2021navigating,
	title={Navigating the solarwinds supply chain attack},
	author={Wolff, Evan D and Growley, KM and Gruden, MG and others},
	journal={The Procurement Lawyer},
	volume={56},
	number={2},
	year={2021}
}
@article{musleh2019survey,
	title={A survey on the detection algorithms for false data injection attacks in smart grids},
	author={Musleh, Ahmed S and Chen, Guo and Dong, Zhao Yang},
	journal={IEEE Transactions on Smart Grid},
	volume={11},
	number={3},
	pages={2218--2234},
	year={2019},
	publisher={IEEE}
}
@article{cherepanov2017industroyer,
	title={Industroyer: Biggest threat to industrial control systems since Stuxnet},
	author={Cherepanov, Anton and Lipovsky, Robert},
	journal={WeLiveSecurity, ESET},
	volume={12},
	year={2017}
}
@article{bencsath2012cousins,
	title={The cousins of stuxnet: Duqu, flame, and gauss},
	author={Bencs{\'a}th, Boldizs{\'a}r and P{\'e}k, G{\'a}bor and Butty{\'a}n, Levente and Felegyhazi, Mark},
	journal={Future Internet},
	volume={4},
	number={4},
	pages={971--1003},
	year={2012},
	publisher={MDPI}
}
@inproceedings{khan2016threat,
	title={Threat analysis of blackenergy malware for synchrophasor based real-time control and monitoring in smart grid},
	author={Khan, Rafiullah and Maynard, Peter and McLaughlin, Kieran and Laverty, David and Sezer, Sakir},
	booktitle={4th International Symposium for ICS \& SCADA Cyber Security Research 2016 4},
	pages={53--63},
	year={2016}
}
@article{zaidi2015host,
	title={Host-based intrusion detection for VANETs: A statistical approach to rogue node detection},
	author={Zaidi, Kamran and Milojevic, Milos B and Rakocevic, Veselin and Nallanathan, Arumugam and Rajarajan, Muttukrishnan},
	journal={IEEE transactions on vehicular technology},
	volume={65},
	number={8},
	pages={6703--6714},
	year={2015},
	publisher={IEEE}
}
@article{yi2016puppet,
	title={Puppet attack: A denial of service attack in advanced metering infrastructure network},
	author={Yi, Ping and Zhu, Ting and Zhang, Qingquan and Wu, Yue and Pan, Li},
	journal={Journal of Network and Computer Applications},
	volume={59},
	pages={325--332},
	year={2016},
	publisher={Elsevier}
}
@article{standaert2010introduction,
	title={Introduction to side-channel attacks},
	author={Standaert, Fran{\c{c}}ois-Xavier},
	journal={Secure integrated circuits and systems},
	pages={27--42},
	year={2010},
	publisher={Springer}
}
@inproceedings{le2008overview,
	title={An overview of side channel analysis attacks},
	author={Le, Thanh-Ha and Canovas, C{\'e}cile and Cl{\'e}diere, Jessy},
	booktitle={Proceedings of the 2008 ACM symposium on Information, computer and communications security},
	pages={33--43},
	year={2008}
}
@inproceedings{jiang2017novel,
	title={A novel side-channel timing attack on GPUs},
	author={Jiang, Zhen Hang and Fei, Yunsi and Kaeli, David},
	booktitle={Proceedings of the on Great Lakes Symposium on VLSI 2017},
	pages={167--172},
	year={2017}
}
@inproceedings{gandolfi2001electromagnetic,
	title={Electromagnetic analysis: Concrete results},
	author={Gandolfi, Karine and Mourtel, Christophe and Olivier, Francis},
	booktitle={Cryptographic Hardware and Embedded Systemsâ€”CHES 2001: Third International Workshop Paris, France, May 14--16, 2001 Proceedings 3},
	pages={251--261},
	year={2001},
	organization={Springer}
}
@article{huseinovic2020survey,
	title={A survey of denial-of-service attacks and solutions in the smart grid},
	author={Huseinovi{\'c}, Alvin and Mrdovi{\'c}, Sa{\v{s}}a and Bicakci, Kemal and Uludag, Suleyman},
	journal={IEEE Access},
	volume={8},
	pages={177447--177470},
	year={2020},
	publisher={IEEE}
}
@article{kim2013topology,
	title={On topology attack of a smart grid: Undetectable attacks and countermeasures},
	author={Kim, Jinsub and Tong, Lang},
	journal={IEEE Journal on Selected Areas in Communications},
	volume={31},
	number={7},
	pages={1294--1305},
	year={2013},
	publisher={IEEE}
}
@book{zetter2015countdown,
	title={Countdown to zero day: Stuxnet and the launch of the world's first digital weapon},
	author={Zetter, Kim},
	year={2015},
	publisher={Crown}
}
@article{response2014dragonfly,
	title={Dragonfly: Cyberespionage attacks against energy suppliers},
	author={Response, Symantec Incident},
	journal={Rapp. tecn},
	volume={7},
	year={2014}
}
@incollection{hentunen2014havex,
	title={Havex hunts for ICS/SCADA systems},
	author={Hentunen, Daavid and Tikkanen, Antti},
	booktitle={F-Secure},
	year={2014}
}
@article{greenberg2017crash,
	title={'Crash Override': The Malware That Took Down a Power Grid},
	author={Greenberg, Andy},
	journal={URL http://bit. ly/2raojOf, Wired Magazine, retrieved},
	pages={09--20},
	year={2017}
}
@inproceedings{gonzalez2008passive,
	title={Passive scanning in Modbus networks},
	author={Gonzalez, Jesus and Papa, Mauricio},
	booktitle={Critical Infrastructure Protection 1},
	pages={175--187},
	year={2008},
	organization={Springer}
}
@inproceedings{bristow2008modscan,
	title={ModScan: a SCADA Modbus network scanner},
	author={Bristow, Mark},
	booktitle={DefCon-16 Conf., Las Vegas, NV},
	year={2008}
}
@article{sarigiannidis2015detecting,
	title={Detecting Sybil attacks in wireless sensor networks using UWB ranging-based information},
	author={Sarigiannidis, Panagiotis and Karapistoli, Eirini and Economides, Anastasios A},
	journal={Expert Systems with Applications},
	volume={42},
	number={21},
	pages={7560--7572},
	year={2015},
	publisher={Elsevier}
}
@incollection{lamport2019byzantine,
	title={The Byzantine generals problem},
	author={Lamport, Leslie and Shostak, Robert and Pease, Marshall},
	booktitle={Concurrency: the works of leslie lamport},
	pages={203--226},
	year={2019}
}
@inproceedings{bobba2010detecting,
	title={Detecting false data injection attacks on dc state estimation},
	author={Bobba, Rakesh B and Rogers, Katherine M and Wang, Qiyan and Khurana, Himanshu and Nahrstedt, Klara and Overbye, Thomas J},
	booktitle={Preprints of the first workshop on secure control systems, CPSWEEK},
	volume={2010},
	year={2010},
	organization={Stockholm, Sweden}
}
@inproceedings{xie2010false,
	title={False data injection attacks in electricity markets},
	author={Xie, Le and Mo, Yilin and Sinopoli, Bruno},
	booktitle={2010 First IEEE International Conference on Smart Grid Communications},
	pages={226--231},
	year={2010},
	organization={IEEE}
}
@article{liang2016review,
	title={A review of false data injection attacks against modern power systems},
	author={Liang, Gaoqi and Zhao, Junhua and Luo, Fengji and Weller, Steven R and Dong, Zhao Yang},
	journal={IEEE Transactions on Smart Grid},
	volume={8},
	number={4},
	pages={1630--1638},
	year={2016},
	publisher={IEEE}
}
@article{zhang2018distributed,
	title={Distributed load sharing under false data injection attack in an inverter-based microgrid},
	author={Zhang, Heng and Meng, Wenchao and Qi, Junjian and Wang, Xiaoyu and Zheng, Wei Xing},
	journal={IEEE Transactions on Industrial Electronics},
	volume={66},
	number={2},
	pages={1543--1551},
	year={2018},
	publisher={IEEE}
}
@article{liu2015collaborative,
	title={A collaborative intrusion detection mechanism against false data injection attack in advanced metering infrastructure},
	author={Liu, Xiaoxue and Zhu, Peidong and Zhang, Yan and Chen, Kan},
	journal={IEEE Transactions on Smart Grid},
	volume={6},
	number={5},
	pages={2435--2443},
	year={2015},
	publisher={IEEE}
}
@article{sridhar2014model,
	title={Model-based attack detection and mitigation for automatic generation control},
	author={Sridhar, Siddharth and Govindarasu, Manimaran},
	journal={IEEE Transactions on Smart Grid},
	volume={5},
	number={2},
	pages={580--591},
	year={2014},
	publisher={IEEE}
}
@article{ameli2018attack,
	title={Attack detection and identification for automatic generation control systems},
	author={Ameli, Amir and Hooshyar, Ali and El-Saadany, Ehab F and Youssef, Amr M},
	journal={IEEE Transactions on Power Systems},
	volume={33},
	number={5},
	pages={4760--4774},
	year={2018},
	publisher={IEEE}
}
@inproceedings{gong2012gps,
	title={GPS spoofing based time stamp attack on real time wide area monitoring in smart grid},
	author={Gong, Shuping and Zhang, Zhenghao and Trinkle, Matthew and Dimitrovski, Aleksandar D and Li, Husheng},
	booktitle={2012 IEEE Third International Conference on Smart Grid Communications (SmartGridComm)},
	pages={300--305},
	year={2012},
	organization={IEEE}
}
@article{fan2017synchrophasor,
	title={Synchrophasor data correction under GPS spoofing attack: A state estimation-based approach},
	author={Fan, Xiaoyuan and Du, Liang and Duan, Dongliang},
	journal={IEEE Transactions on Smart Grid},
	volume={9},
	number={5},
	pages={4538--4546},
	year={2017},
	publisher={IEEE}
}
@article{cui2019spatio,
	title={Spatio-temporal characterization of synchrophasor data against spoofing attacks in smart grids},
	author={Cui, Yi and Bai, Feifei and Liu, Yilu and Fuhr, Peter L and Morales-Rodriguez, Marissa E},
	journal={IEEE Transactions on Smart Grid},
	volume={10},
	number={5},
	pages={5807--5818},
	year={2019},
	publisher={IEEE}
}
@article{jafarnia2012gps,
	title={GPS vulnerability to spoofing threats and a review of antispoofing techniques},
	author={Jafarnia-Jahromi, Ali and Broumandan, Ali and Nielsen, John and Lachapelle, G{\'e}rard},
	journal={International Journal of Navigation and Observation},
	volume={2012},
	year={2012},
	publisher={Hindawi}
}
@article{zhang2022spma,
	title={SPMA: Stealthy Physics-Manipulated Attack and Countermeasures in Cyber-Physical Smart Grid},
	author={Zhang, Zhenyong and Deng, Ruilong and Tian, Youliang and Cheng, Peng and Ma, Jianfeng},
	journal={IEEE Transactions on Information Forensics and Security},
	volume={18},
	pages={581--596},
	year={2022},
	publisher={IEEE}
}
@inproceedings{zeller2011myth,
	title={Myth or realityâ€”Does the aurora vulnerability pose a risk to my generator?},
	author={Zeller, Mark},
	booktitle={2011 64th Annual Conference for Protective Relay Engineers},
	pages={130--136},
	year={2011},
	organization={IEEE}
}
@article{srivastava2013modeling,
	title={Modeling cyber-physical vulnerability of the smart grid with incomplete information},
	author={Srivastava, Anurag and Morris, Thomas and Ernster, Timothy and Vellaithurai, Ceeman and Pan, Shengyi and Adhikari, Uttam},
	journal={IEEE Transactions on Smart Grid},
	volume={4},
	number={1},
	pages={235--244},
	year={2013},
	publisher={IEEE}
}
@article{han2016privacy,
	title={Privacy preservation for V2G networks in smart grid: A survey},
	author={Han, Wenlin and Xiao, Yang},
	journal={Computer Communications},
	volume={91},
	pages={17--28},
	year={2016},
	publisher={Elsevier}
}
@article{huitsing2008attack,
	title={Attack taxonomies for the Modbus protocols},
	author={Huitsing, Peter and Chandia, Rodrigo and Papa, Mauricio and Shenoi, Sujeet},
	journal={International Journal of Critical Infrastructure Protection},
	volume={1},
	pages={37--44},
	year={2008},
	publisher={Elsevier}
}
@inproceedings{radoglou2020implementation,
	title={Implementation and detection of modbus cyberattacks},
	author={Radoglou-Grammatikis, Panagiotis and Siniosoglou, Ilias and Liatifis, Thanasis and Kourouniadis, Anastasios and Rompolos, Konstantinos and Sarigiannidis, Panagiotis},
	booktitle={2020 9th International Conference on Modern Circuits and Systems Technologies (MOCAST)},
	pages={1--4},
	year={2020},
	organization={IEEE}
}
@article{aloul2012smart,
	title={Smart grid security: Threats, vulnerabilities and solutions},
	author={Aloul, Fadi and Al-Ali, AR and Al-Dalky, Rami and Al-Mardini, Mamoun and El-Hajj, Wassim},
	journal={International Journal of Smart Grid and Clean Energy},
	volume={1},
	number={1},
	pages={1--6},
	year={2012},
	publisher={Engineering and Technology Publishing}
}
@article{wang2019online,
	title={Online identification and data recovery for PMU data manipulation attack},
	author={Wang, Xinan and Shi, Di and Wang, Jianhui and Yu, Zhe and Wang, Zhiwei},
	journal={IEEE Transactions on Smart Grid},
	volume={10},
	number={6},
	pages={5889--5898},
	year={2019},
	publisher={IEEE}
}
@article{pal2017classification,
	title={Classification and detection of PMU data manipulation attacks using transmission line parameters},
	author={Pal, Seemita and Sikdar, Biplab and Chow, Joe H},
	journal={IEEE Transactions on Smart Grid},
	volume={9},
	number={5},
	pages={5057--5066},
	year={2017},
	publisher={IEEE}
}
@inproceedings{wang2019power,
	title={Power grid resilience to electromagnetic pulse (EMP) disturbances: a literature review},
	author={Wang, Dingwei and Li, Yifu and Dehghanian, Payman and Wang, Shiyuan},
	booktitle={2019 North American Power Symposium (NAPS)},
	pages={1--6},
	year={2019},
	organization={IEEE}
}
@article{wu2019optimal,
	title={Optimal switching attacks and countermeasures in cyber-physical systems},
	author={Wu, Guangyu and Wang, Gang and Sun, Jian and Xiong, Lu},
	journal={IEEE Transactions on Systems, Man, and Cybernetics: Systems},
	volume={51},
	number={8},
	pages={4825--4835},
	year={2019},
	publisher={IEEE}
}

@inproceedings{east2009taxonomy,
	title={A Taxonomy of Attacks on the DNP3 Protocol},
	author={East, Samuel and Butts, Jonathan and Papa, Mauricio and Shenoi, Sujeet},
	booktitle={Critical Infrastructure Protection III: Third Annual IFIP WG 11.10 International Conference on Critical Infrastructure Protection, Hanover, New Hampshire, USA, March 23-25, 2009, Revised Selected Papers 3},
	pages={67--81},
	year={2009},
	organization={Springer}
}
@inproceedings{siddavatam2015security,
	title={Security assessment framework for cyber physical systems: A case-study of DNP3 protocol},
	author={Siddavatam, Irfan A and Kazi, Faruk},
	booktitle={2015 IEEE Bombay Section Symposium (IBSS)},
	pages={1--6},
	year={2015},
	organization={IEEE}
}
@article{yu2015blind,
	title={Blind false data injection attack using PCA approximation method in smart grid},
	author={Yu, Zong-Han and Chin, Wen-Long},
	journal={IEEE Transactions on Smart Grid},
	volume={6},
	number={3},
	pages={1219--1226},
	year={2015},
	publisher={IEEE}
}
@article{yuan2011modeling,
	title={Modeling load redistribution attacks in power systems},
	author={Yuan, Yanling and Li, Zuyi and Ren, Kui},
	journal={IEEE Transactions on Smart Grid},
	volume={2},
	number={2},
	pages={382--390},
	year={2011},
	publisher={IEEE}
}
@article{amini2017hierarchical,
	title={Hierarchical location identification of destabilizing faults and attacks in power systems: A frequency-domain approach},
	author={Amini, Sajjad and Pasqualetti, Fabio and Abbaszadeh, Masoud and Mohsenian-Rad, Hamed},
	journal={IEEE Transactions on Smart Grid},
	volume={10},
	number={2},
	pages={2036--2045},
	year={2017},
	publisher={IEEE}
}
@article{isozaki2015detection,
	title={Detection of cyber attacks against voltage control in distribution power grids with PVs},
	author={Isozaki, Yasunori and Yoshizawa, Shinya and Fujimoto, Yu and Ishii, Hideaki and Ono, Isao and Onoda, Takashi and Hayashi, Yasuhiro},
	journal={IEEE Transactions on Smart Grid},
	volume={7},
	number={4},
	pages={1824--1835},
	year={2015},
	publisher={IEEE}
}
@article{giraldo2016integrity,
	title={Integrity attacks on real-time pricing in smart grids: impact and countermeasures},
	author={Giraldo, Jairo and C{\'a}rdenas, Alvaro and Quijano, Nicanor},
	journal={IEEE Transactions on Smart Grid},
	volume={8},
	number={5},
	pages={2249--2257},
	year={2016},
	publisher={IEEE}
}
@article{li2016analyzing,
	title={Analyzing locally coordinated cyber-physical attacks for undetectable line outages},
	author={Li, Zhiyi and Shahidehpour, Mohammad and Alabdulwahab, Ahmed and Abusorrah, Abdullah},
	journal={IEEE Transactions on Smart Grid},
	volume={9},
	number={1},
	pages={35--47},
	year={2016},
	publisher={IEEE}
}
@article{tian2019multilevel,
	title={Multilevel programming-based coordinated cyber physical attacks and countermeasures in smart grid},
	author={Tian, Meng and Cui, Mingjian and Dong, Zhengcheng and Wang, Xianpei and Yin, Shengfei and Zhao, Le},
	journal={IEEE Access},
	volume={7},
	pages={9836--9847},
	year={2019},
	publisher={IEEE}
}
@article{deng2017ccpa,
	title={CCPA: Coordinated cyber-physical attacks and countermeasures in smart grid},
	author={Deng, Ruilong and Zhuang, Peng and Liang, Hao},
	journal={IEEE Transactions on Smart Grid},
	volume={8},
	number={5},
	pages={2420--2430},
	year={2017},
	publisher={IEEE}
}
@article{soltan2018react,
	title={REACT to cyber attacks on power grids},
	author={Soltan, Saleh and Yannakakis, Mihalis and Zussman, Gil},
	journal={IEEE Transactions on Network Science and Engineering},
	volume={6},
	number={3},
	pages={459--473},
	year={2018},
	publisher={IEEE}
}
@article{soltan2018expose,
	title={EXPOSE the line failures following a cyber-physical attack on the power grid},
	author={Soltan, Saleh and Zussman, Gil},
	journal={IEEE Transactions on Control of Network Systems},
	volume={6},
	number={1},
	pages={451--461},
	year={2018},
	publisher={IEEE}
}
@article{soltan2019line,
	title={Line failure detection after a cyber-physical attack on the grid using Bayesian regression},
	author={Soltan, Saleh and Mittal, Prateek and Poor, H Vincent},
	journal={IEEE Transactions on Power Systems},
	volume={34},
	number={5},
	pages={3758--3768},
	year={2019},
	publisher={IEEE}
}
@article{li2015bilevel,
	title={Bilevel model for analyzing coordinated cyber-physical attacks on power systems},
	author={Li, Zhiyi and Shahidehpour, Mohammad and Alabdulwahab, Ahmed and Abusorrah, Abdullah},
	journal={IEEE Transactions on Smart Grid},
	volume={7},
	number={5},
	pages={2260--2272},
	year={2015},
	publisher={IEEE}
}
@article{liu2016masking,
	title={Masking transmission line outages via false data injection attacks},
	author={Liu, Xuan and Li, Zhiyi and Liu, Xingdong and Li, Zuyi},
	journal={IEEE Transactions on Information Forensics and Security},
	volume={11},
	number={7},
	pages={1592--1602},
	year={2016},
	publisher={IEEE}
}

@article{zhang2016physical,
	title={Physical system consequences of unobservable state-and-topology cyber-physical attacks},
	author={Zhang, Jiazi and Sankar, Lalitha},
	journal={IEEE Transactions on Smart Grid},
	volume={7},
	number={4},
	year={2016},
	publisher={IEEE}
}

@article{wang2020coordinated,
	title={Coordinated topology attacks in smart grid using deep reinforcement learning},
	author={Wang, Zhenhua and He, Haibo and Wan, Zhiqiang and Sun, Yan},
	journal={IEEE Transactions on Industrial Informatics},
	volume={17},
	number={2},
	pages={1407--1415},
	year={2020},
	publisher={IEEE}
}

@article{arnaboldi2020modelling,
	title={Modelling load-changing attacks in cyber-physical systems},
	author={Arnaboldi, Luca and Czekster, Ricardo M and Morisset, Charles and Metere, Roberto},
	journal={Electronic Notes in Theoretical Computer Science},
	volume={353},
	pages={39--60},
	year={2020},
	publisher={Elsevier}
}
@article{lakshminarayana2021analysis,
	title={Analysis of IoT-based load altering attacks against power grids using the theory of second-order dynamical systems},
	author={Lakshminarayana, Subhash and Adhikari, Sondipon and Maple, Carsten},
	journal={IEEE Transactions on Smart Grid},
	volume={12},
	number={5},
	pages={4415--4425},
	year={2021},
	publisher={IEEE}
}
@inproceedings{dabrowski2017grid,
	title={Grid shock: Coordinated load-changing attacks on power grids: The non-smart power grid is vulnerable to cyber attacks as well},
	author={Dabrowski, Adrian and Ullrich, Johanna and Weippl, Edgar R},
	booktitle={Proceedings of the 33rd Annual Computer Security Applications Conference},
	pages={303--314},
	year={2017}
}
@article{tian2020coordinated,
	title={Coordinated cyber-physical attacks considering DoS attacks in power systems},
	author={Tian, Jiwei and Wang, Buhong and Li, Tengyao and Shang, Fute and Cao, Kunrui},
	journal={International Journal of Robust and Nonlinear Control},
	volume={30},
	number={11},
	pages={4345--4358},
	year={2020},
	publisher={Wiley Online Library}
}
@article{chung2018local,
	title={Local cyber-physical attack for masking line outage and topology attack in smart grid},
	author={Chung, Hwei-Ming and Li, Wen-Tai and Yuen, Chau and Chung, Wei-Ho and Zhang, Yan and Wen, Chao-Kai},
	journal={IEEE Transactions on Smart Grid},
	volume={10},
	number={4},
	pages={4577--4588},
	year={2018},
	publisher={IEEE}
}




@comment{-------------------------------------- Detection------------------------------------}
@article{jindal2016decision,
	title={Decision tree and SVM-based data analytics for theft detection in smart grid},
	author={Jindal, Anish and Dua, Amit and Kaur, Kuljeet and Singh, Mukesh and Kumar, Neeraj and Mishra, Sukumar},
	journal={IEEE Transactions on Industrial Informatics},
	volume={12},
	number={3},
	pages={1005--1016},
	year={2016},
	publisher={IEEE}
}
@article{esmalifalak2014detecting,
	title={Detecting stealthy false data injection using machine learning in smart grid},
	author={Esmalifalak, Mohammad and Liu, Lanchao and Nguyen, Nam and Zheng, Rong and Han, Zhu},
	journal={IEEE Systems Journal},
	volume={11},
	number={3},
	pages={1644--1652},
	year={2014},
	publisher={IEEE}
}



@article{khalid2023recent,
	title={Recent Developments in Game-Theory Approaches for the Detection and Defense against Advanced Persistent Threats (APTs): A Systematic Review},
	author={Khalid, Mohd Nor Akmal and Al-Kadhimi, Amjed Ahmed and Singh, Manmeet Mahinderjit},
	journal={Mathematics},
	volume={11},
	number={6},
	pages={1353},
	year={2023},
	publisher={MDPI}
}
@article{shan2020game,
	title={A game-theoretic approach to modeling attacks and defenses of smart grids at three levels},
	author={Shan, Xiaojun Gene and Zhuang, Jun},
	journal={Reliability Engineering \& System Safety},
	volume={195},
	pages={106683},
	year={2020},
	publisher={Elsevier}
}
@article{nikmehr2019game,
	title={Game-theoretic cybersecurity analysis for false data injection attack on networked microgrids},
	author={Nikmehr, Nima and Moradi Moghadam, Solmaz},
	journal={IET Cyber-Physical Systems: Theory \& Applications},
	volume={4},
	number={4},
	pages={365--373},
	year={2019},
	publisher={Wiley Online Library}
}

@article{do2017game,
	title={Game theory for cyber security and privacy},
	author={Do, Cuong T and Tran, Nguyen H and Hong, Choongseon and Kamhoua, Charles A and Kwiat, Kevin A and Blasch, Erik and Ren, Shaolei and Pissinou, Niki and Iyengar, Sundaraja Sitharama},
	journal={ACM Computing Surveys (CSUR)},
	volume={50},
	number={2},
	pages={1--37},
	year={2017},
	publisher={ACM New York, NY, USA}
}
@article{esmalifalak2013bad,
	title={Bad data injection attack and defense in electricity market using game theory study},
	author={Esmalifalak, Mohammad and Shi, Ge and Han, Zhu and Song, Lingyang},
	journal={IEEE Transactions on Smart Grid},
	volume={4},
	number={1},
	pages={160--169},
	year={2013},
	publisher={IEEE}
}
@article{chen2012smart,
	title={Smart attacks in smart grid communication networks},
	author={Chen, Pin-Yu and Cheng, Shin-Ming and Chen, Kwang-Cheng},
	journal={IEEE Communications Magazine},
	volume={50},
	number={8},
	pages={24--29},
	year={2012},
	publisher={IEEE}
}
@article{saad2012game,
	title={Game-theoretic methods for the smart grid: An overview of microgrid systems, demand-side management, and smart grid communications},
	author={Saad, Walid and Han, Zhu and Poor, H Vincent and Basar, Tamer},
	journal={IEEE Signal Processing Magazine},
	volume={29},
	number={5},
	pages={86--105},
	year={2012},
	publisher={IEEE}
}
@article{wang2017strategic,
	title={Strategic honeypot game model for distributed denial of service attacks in the smart grid},
	author={Wang, Kun and Du, Miao and Maharjan, Sabita and Sun, Yanfei},
	journal={IEEE Transactions on Smart Grid},
	volume={8},
	number={5},
	pages={2474--2482},
	year={2017},
	publisher={IEEE}
}
@article{jiang2014energy,
	title={Energy-theft detection issues for advanced metering infrastructure in smart grid},
	author={Jiang, Rong and Lu, Rongxing and Wang, Ye and Luo, Jun and Shen, Changxiang and Shen, Xuemin},
	journal={Tsinghua Science and Technology},
	volume={19},
	number={2},
	pages={105--120},
	year={2014},
	publisher={TUP}
}
@inproceedings{cardenas2012game,
	title={A game theory model for electricity theft detection and privacy-aware control in AMI systems},
	author={C{\'a}rdenas, Alvaro A and Amin, Saurabh and Schwartz, Galina and Dong, Roy and Sastry, Shankar},
	booktitle={2012 50th Annual Allerton Conference on Communication, Control, and Computing (Allerton)},
	pages={1830--1837},
	year={2012},
	organization={IEEE}
}
@article{vamvoudakis2014detection,
	title={Detection in adversarial environments},
	author={Vamvoudakis, Kyriakos G and Hespanha, Joao P and Sinopoli, Bruno and Mo, Yilin},
	journal={IEEE Transactions on Automatic Control},
	volume={59},
	number={12},
	pages={3209--3223},
	year={2014},
	publisher={IEEE}
}
@inproceedings{alpcan2003game,
	title={A game theoretic approach to decision and analysis in network intrusion detection},
	author={Alpcan, Tansu and Basar, Tamer},
	booktitle={42nd IEEE International Conference on Decision and Control (IEEE Cat. No. 03CH37475)},
	volume={3},
	pages={2595--2600},
	year={2003},
	organization={IEEE}
}
@inproceedings{roy2010survey,
	title={A survey of game theory as applied to network security},
	author={Roy, Sankardas and Ellis, Charles and Shiva, Sajjan and Dasgupta, Dipankar and Shandilya, Vivek and Wu, Qishi},
	booktitle={2010 43rd Hawaii International Conference on System Sciences},
	pages={1--10},
	year={2010},
	organization={IEEE}
}
@inproceedings{alpcan2006intrusion,
	title={An intrusion detection game with limited observations},
	author={Alpcan, Tansu and Basar, Tamer},
	booktitle={12th Int. Symp. on Dynamic Games and Applications, Sophia Antipolis, France},
	volume={26},
	year={2006}
}

@article{bicchieri2004rationality,
	title={RATIONALITY AND},
	author={Bicchieri, Cristina},
	journal={The Oxford handbook of rationality},
	pages={182},
	year={2004},
	publisher={Oxford University Press}
}
@article{askari2019behavioral,
	title={The behavioral model and game theory},
	author={Askari, Gholamreza and Gordji, Madjid Eshaghi and Park, Choonkil},
	journal={Palgrave Communications},
	volume={5},
	number={1},
	year={2019},
	publisher={Springer Science and Business Media LLC}
}
1

@inproceedings{staniford1996grids,
	title={GrIDS-a graph based intrusion detection system for large networks},
	author={Staniford-Chen, Stuart and Cheung, Steven and Crawford, Richard and Dilger, Mark and Frank, Jeremy and Hoagland, James and Levitt, Karl and Wee, Christopher and Yip, Raymond and Zerkle, Dan},
	booktitle={Proceedings of the 19th national information systems security conference},
	volume={1},
	pages={361--370},
	year={1996},
	organization={Citeseer}
}
@inproceedings{mingqiang2012graph,
	title={A graph-based clustering algorithm for anomaly intrusion detection},
	author={Mingqiang, Zhou and Hui, Huang and Qian, Wang},
	booktitle={2012 7th International Conference on Computer Science \& Education (ICCSE)},
	pages={1311--1314},
	year={2012},
	organization={IEEE}
}
@inproceedings{ammann2002scalable,
	title={Scalable, graph-based network vulnerability analysis},
	author={Ammann, Paul and Wijesekera, Duminda and Kaushik, Saket},
	booktitle={Proceedings of the 9th ACM Conference on Computer and Communications Security},
	pages={217--224},
	year={2002}
}
@inproceedings{jha2002two,
	title={Two formal analyses of attack graphs},
	author={Jha, Somesh and Sheyner, Oleg and Wing, Jeannette},
	booktitle={Proceedings 15th IEEE Computer Security Foundations Workshop. CSFW-15},
	pages={49--63},
	year={2002},
	organization={IEEE}
}
@inproceedings{phillips1998graph,
	title={A graph-based system for network-vulnerability analysis},
	author={Phillips, Cynthia and Swiler, Laura Painton},
	booktitle={Proceedings of the 1998 workshop on New security paradigms},
	pages={71--79},
	year={1998}
}

@inproceedings{swiler2001computer,
	title={Computer-attack graph generation tool},
	author={Swiler, Laura P and Phillips, Cynthia and Ellis, David and Chakerian, Stefan},
	booktitle={Proceedings DARPA Information Survivability Conference and Exposition II. DISCEX'01},
	volume={2},
	pages={307--321},
	year={2001},
	organization={IEEE}
}
@inproceedings{noel2003efficient,
	title={Efficient minimum-cost network hardening via exploit dependency graphs},
	author={Noel, Steven and Jajodia, Sushil and O'Berry, Brian and Jacobs, Michael},
	booktitle={19th Annual Computer Security Applications Conference, 2003. Proceedings.},
	pages={86--95},
	year={2003},
	organization={IEEE}
}
@article{drayer2019detection,
	title={Detection of false data injection attacks in smart grids based on graph signal processing},
	author={Drayer, Elisabeth and Routtenberg, Tirza},
	journal={IEEE Systems Journal},
	volume={14},
	number={2},
	pages={1886--1896},
	year={2019},
	publisher={IEEE}
}
@article{jorjani2020graph,
	title={A graph theory-based approach to detect false data injection attacks in power system AC state estimation},
	author={Jorjani, Mohsen and Seifi, Hossein and Varjani, Ali Yazdian},
	journal={IEEE Transactions on Industrial Informatics},
	volume={17},
	number={4},
	pages={2465--2475},
	year={2020},
	publisher={IEEE}
}
@article{kosut2011malicious,
	title={Malicious data attacks on the smart grid},
	author={Kosut, Oliver and Jia, Liyan and Thomas, Robert J and Tong, Lang},
	journal={IEEE Transactions on Smart Grid},
	volume={2},
	number={4},
	pages={645--658},
	year={2011},
	publisher={IEEE}
}
@inproceedings{kundur2010towards,
	title={Towards a framework for cyber attack impact analysis of the electric smart grid},
	author={Kundur, Deepa and Feng, Xianyong and Liu, Shan and Zourntos, Takis and Butler-Purry, Karen L},
	booktitle={2010 First IEEE international conference on smart grid communications},
	pages={244--249},
	year={2010},
	organization={IEEE}
}
@article{pourhabibi2020fraud,
	title={Fraud detection: A systematic literature review of graph-based anomaly detection approaches},
	author={Pourhabibi, Tahereh and Ong, Kok-Leong and Kam, Booi H and Boo, Yee Ling},
	journal={Decision Support Systems},
	volume={133},
	pages={113303},
	year={2020},
	publisher={Elsevier}
}

@article{diestel2010graph,
	title={Graph theory},
	author={Diestel, Reinhard and Schrijver, Alexander and Seymour, Paul},
	journal={Oberwolfach Reports},
	volume={7},
	number={1},
	pages={521--580},
	year={2010}
}
@article{newman2003structure,
	title={The structure and function of complex networks},
	author={Newman, Mark EJ},
	journal={SIAM review},
	volume={45},
	number={2},
	pages={167--256},
	year={2003},
	publisher={SIAM}
}
@article{wang2006minimum,
	title={Minimum-cost network hardening using attack graphs},
	author={Wang, Lingyu and Noel, Steven and Jajodia, Sushil},
	journal={Computer Communications},
	volume={29},
	number={18},
	pages={3812--3824},
	year={2006},
	publisher={Elsevier}
}
@inproceedings{johnson2013graph,
	title={A graph analytic metric for mitigating advanced persistent threat},
	author={Johnson, John R and Hogan, Emilie A},
	booktitle={2013 IEEE International Conference on Intelligence and Security Informatics},
	pages={129--133},
	year={2013},
	organization={IEEE}
}
@article{giani2013smart,
	title={Smart grid data integrity attacks},
	author={Giani, Annarita and Bitar, Eilyan and Garcia, Manuel and McQueen, Miles and Khargonekar, Pramod and Poolla, Kameshwar},
	journal={IEEE Transactions on Smart Grid},
	volume={4},
	number={3},
	pages={1244--1253},
	year={2013},
	publisher={IEEE}
}
@article{sedghi2015statistical,
	title={Statistical structure learning to ensure data integrity in smart grid},
	author={Sedghi, Hanie and Jonckheere, Edmond},
	journal={IEEE Transactions on Smart Grid},
	volume={6},
	number={4},
	pages={1924--1933},
	year={2015},
	publisher={IEEE}
}
@article{lo2013consumer,
	title={CONSUMER: A novel hybrid intrusion detection system for distribution networks in smart grid},
	author={Lo, Chun-Hao and Ansari, Nirwan},
	journal={IEEE Transactions on Emerging Topics in Computing},
	volume={1},
	number={1},
	pages={33--44},
	year={2013},
	publisher={IEEE}
}
@article{pasqualetti2013attack,
	title={Attack detection and identification in cyber-physical systems},
	author={Pasqualetti, Fabio and D{\"o}rfler, Florian and Bullo, Francesco},
	journal={IEEE transactions on automatic control},
	volume={58},
	number={11},
	pages={2715--2729},
	year={2013},
	publisher={IEEE}
}
@article{nudell2015real,
	title={A real-time attack localization algorithm for large power system networks using graph-theoretic techniques},
	author={Nudell, Thomas R and Nabavi, Seyedbehzad and Chakrabortty, Aranya},
	journal={IEEE Transactions on Smart Grid},
	volume={6},
	number={5},
	pages={2551--2559},
	year={2015},
	publisher={IEEE}
}

@article{wang2013cyber,
	title={Cyber security in the smart grid: Survey and challenges},
	author={Wang, Wenye and Lu, Zhuo},
	journal={Computer networks},
	volume={57},
	number={5},
	pages={1344--1371},
	year={2013},
	publisher={Elsevier}
}
@article{ranshous2015anomaly,
	title={Anomaly detection in dynamic networks: a survey},
	author={Ranshous, Stephen and Shen, Shitian and Koutra, Danai and Harenberg, Steve and Faloutsos, Christos and Samatova, Nagiza F},
	journal={Wiley Interdisciplinary Reviews: Computational Statistics},
	volume={7},
	number={3},
	pages={223--247},
	year={2015},
	publisher={Wiley Online Library}
}
@article{akoglu2015graph,
	title={Graph based anomaly detection and description: a survey},
	author={Akoglu, Leman and Tong, Hanghang and Koutra, Danai},
	journal={Data mining and knowledge discovery},
	volume={29},
	pages={626--688},
	year={2015},
	publisher={Springer}
}
@inproceedings{cai2021structural,
	title={Structural temporal graph neural networks for anomaly detection in dynamic graphs},
	author={Cai, Lei and Chen, Zhengzhang and Luo, Chen and Gui, Jiaping and Ni, Jingchao and Li, Ding and Chen, Haifeng},
	booktitle={Proceedings of the 30th ACM international conference on Information \& Knowledge Management},
	pages={3747--3756},
	year={2021}
}
@article{zhuang2020blockchain,
	title={Blockchain for cybersecurity in smart grid: A comprehensive survey},
	author={Zhuang, Peng and Zamir, Talha and Liang, Hao},
	journal={IEEE Transactions on Industrial Informatics},
	volume={17},
	number={1},
	pages={3--19},
	year={2020},
	publisher={IEEE}
}
@inproceedings{yue2017big,
	title={Big data model of security sharing based on blockchain},
	author={Yue, Li and Junqin, Huang and Shengzhi, Qin and Ruijin, Wang},
	booktitle={2017 3rd International Conference on Big Data Computing and Communications (BIGCOM)},
	pages={117--121},
	year={2017},
	organization={IEEE}
}
@article{ahmed2019detection,
	title={Detection and prevention of DDoS attacks on software defined networks controllers for smart grid},
	author={Ahmed, Zohaib and Afaqui, Naokhaiz and Humayan, O},
	journal={International Journal of Computer Applications},
	volume={975},
	pages={8887},
	year={2019}
}
@inproceedings{javaid2018mitigating,
	title={Mitigating loT device based DDoS attacks using blockchain},
	author={Javaid, Uzair and Siang, Ang Kiang and Aman, Muhammad Naveed and Sikdar, Biplab},
	booktitle={Proceedings of the 1st Workshop on Cryptocurrencies and Blockchains for Distributed Systems},
	pages={71--76},
	year={2018}
}
@article{kurt2019secure,
	title={Secure distributed dynamic state estimation in wide-area smart grids},
	author={Kurt, Mehmet Necip and Y{\i}lmaz, Yasin and Wang, Xiaodong},
	journal={IEEE Transactions on Information Forensics and Security},
	volume={15},
	pages={800--815},
	year={2019},
	publisher={IEEE}
}
@article{winter2018advantages,
	title={The advantages and challenges of the blockchain for smart grids},
	author={Winter, Thomas},
	year={2018}
}
@article{wang2019blockchain,
	title={Blockchain-enabled smart contracts: architecture, applications, and future trends},
	author={Wang, Shuai and Ouyang, Liwei and Yuan, Yong and Ni, Xiaochun and Han, Xuan and Wang, Fei-Yue},
	journal={IEEE Transactions on Systems, Man, and Cybernetics: Systems},
	volume={49},
	number={11},
	pages={2266--2277},
	year={2019},
	publisher={IEEE}
}

@article{christidis2016blockchains,
	title={Blockchains and smart contracts for the internet of things},
	author={Christidis, Konstantinos and Devetsikiotis, Michael},
	journal={Ieee Access},
	volume={4},
	pages={2292--2303},
	year={2016},
	publisher={Ieee}
}


@article{musleh2019blockchain,
	title={Blockchain applications in smart grid--review and frameworks},
	author={Musleh, Ahmed S and Yao, Gang and Muyeen, SM},
	journal={Ieee Access},
	volume={7},
	pages={86746--86757},
	year={2019},
	publisher={IEEE}
}
@article{mollah2020blockchain,
	title={Blockchain for future smart grid: A comprehensive survey},
	author={Mollah, Muhammad Baqer and Zhao, Jun and Niyato, Dusit and Lam, Kwok-Yan and Zhang, Xin and Ghias, Amer MYM and Koh, Leong Hai and Yang, Lei},
	journal={IEEE Internet of Things Journal},
	volume={8},
	number={1},
	pages={18--43},
	year={2020},
	publisher={IEEE}
}

@article{agung2022blockchain,
	title={Blockchain for smart grid},
	author={Agung, Anak Agung Gde and Handayani, Rini},
	journal={Journal of King Saud University-Computer and Information Sciences},
	volume={34},
	number={3},
	pages={666--675},
	year={2022},
	publisher={Elsevier}
}

@article{koukaras2024integrating,
  title={Integrating Blockchain in Smart Grids for Enhanced Demand Response: Challenges, Strategies, and Future Directions},
  author={Koukaras, Paraskevas and Afentoulis, Konstantinos D and Gkaidatzis, Pashalis A and Mystakidis, Aristeidis and Ioannidis, Dimosthenis and Vagropoulos, Stylianos I and Tjortjis, Christos},
  journal={Energies},
  volume={17},
  number={5},
  pages={1007},
  year={2024},
  publisher={MDPI}
}

@article{jordan2015machine,
  title={Machine learning: Trends, perspectives, and prospects},
  author={Jordan, Michael I and Mitchell, Tom M},
  journal={Science},
  volume={349},
  number={6245},
  pages={255--260},
  year={2015},
  publisher={American Association for the Advancement of Science}
}
@article{mengelkamp2018designing,
	title={Designing microgrid energy markets: A case study: The Brooklyn Microgrid},
	author={Mengelkamp, Esther and G{\"a}rttner, Johannes and Rock, Kerstin and Kessler, Scott and Orsini, Lawrence and Weinhardt, Christof},
	journal={Applied energy},
	volume={210},
	pages={870--880},
	year={2018},
	publisher={Elsevier}
}
@incollection{orsini2019brooklyn,
	title={How the Brooklyn Microgrid and TransActive Grid are paving the way to next-gen energy markets},
	author={Orsini, Lawrence and Kessler, Scott and Wei, Julianna and Field, Heather},
	booktitle={The energy internet},
	pages={223--239},
	year={2019},
	publisher={Elsevier}
}
@book{tapscott2016blockchain,
	title={Blockchain revolution: how the technology behind bitcoin is changing money, business, and the world},
	author={Tapscott, Don and Tapscott, Alex},
	year={2016},
	publisher={Penguin}
}
@book{mougayar2016business,
	title={The business blockchain: promise, practice, and application of the next Internet technology},
	author={Mougayar, William},
	year={2016},
	publisher={John Wiley \& Sons}
}
@article{nakamoto2008bitcoin,
	title={Bitcoin: A peer-to-peer electronic cash system},
	author={Nakamoto, Satoshi},
	journal={Decentralized business review},
	pages={21260},
	year={2008}
}

@inproceedings{wireman2023comparison,
  title={A Comparison of Public Sentiment on COVID-19 Vaccines on Twitter and Reddit: An Analysis Using VADER},
  author={Wireman, Joseph and Koleini, Farnoosh and Tabrizi, Nasseh},
  booktitle={2023 Congress in Computer Science, Computer Engineering, \& Applied Computing (CSCE)},
  pages={1242--1246},
  year={2023},
  organization={IEEE}
}

@inproceedings{movahed2024tensor,
  title={Tensor decompositions in cancer study; A comprehensive},
  author={Movahed, Elia A and Koleini, Farnoosh and Tabrizi, Nasseh},
  booktitle={Proceedings of 36th International Conference on},
  volume={97},
  pages={101--113},
  year={2024}
}
@article{liakos2018machine,
  title={Machine learning in agriculture: A review},
  author={Liakos, Konstantinos G and Busato, Patrizia and Moshou, Dimitrios and Pearson, Simon and Bochtis, Dionysis},
  journal={Sensors},
  volume={18},
  number={8},
  pages={2674},
  year={2018},
  publisher={Mdpi}
}

@article{wang2024reinforcement,
  title={Reinforcement learning based bilevel real-time pricing strategy for a smart grid with distributed energy resources},
  author={Wang, Jingqi and Gao, Yan and Li, Renjie},
  journal={Applied Soft Computing},
  volume={155},
  pages={111474},
  year={2024},
  publisher={Elsevier}
}
@article{sharif2024smart,
  title={Smart EV Charging with Context-Awareness: Enhancing Resource Utilization via Deep Reinforcement Learning},
  author={Sharif, Muddsair and Seker, Huseyin},
  journal={IEEE Access},
  year={2024},
  publisher={IEEE}
}

@article{he2024detection,
  title={Detection of False Data Injection Attacks on Smart Grids Based on A-BiTG Approach},
  author={He, Wei and Liu, Weifeng and Wen, Chenglin and Yang, Qingqing},
  journal={Electronics},
  volume={13},
  number={10},
  pages={1938},
  year={2024},
  publisher={MDPI}
}
@article{khan2024adversarial,
  title={Adversarial Machine Learning in the Context of Network Security: Challenges and Solutions},
  author={Khan, Muskan and Ghafoor, Laiba},
  journal={Journal of Computational Intelligence and Robotics},
  volume={4},
  number={1},
  pages={51--63},
  year={2024}
}
@article{kappali2024computer,
  title={Computer Vision and Machine Learning in Paddy Diseases Identification and Classification: A Review.},
  author={Kappali, Hemanthakumar R and Sadyojatha, KM and Prashanthi, SK},
  journal={Indian Journal Of Agricultural Research},
  volume={58},
  number={2},
  year={2024}
}
@inproceedings{kiayias2017ouroboros,
	title={Ouroboros: A provably secure proof-of-stake blockchain protocol},
	author={Kiayias, Aggelos and Russell, Alexander and David, Bernardo and Oliynykov, Roman},
	booktitle={Advances in Cryptology--CRYPTO 2017: 37th Annual International Cryptology Conference, Santa Barbara, CA, USA, August 20--24, 2017, Proceedings, Part I},
	pages={357--388},
	year={2017},
	organization={Springer}
}
@article{mengelkamp2018blockchain,
	title={A blockchain-based smart grid: towards sustainable local energy markets},
	author={Mengelkamp, Esther and Notheisen, Benedikt and Beer, Carolin and Dauer, David and Weinhardt, Christof},
	journal={Computer Science-Research and Development},
	volume={33},
	pages={207--214},
	year={2018},
	publisher={Springer}
}
@article{aitzhan2016security,
	title={Security and privacy in decentralized energy trading through multi-signatures, blockchain and anonymous messaging streams},
	author={Aitzhan, Nurzhan Zhumabekuly and Svetinovic, Davor},
	journal={IEEE Transactions on Dependable and Secure Computing},
	volume={15},
	number={5},
	pages={840--852},
	year={2016},
	publisher={IEEE}
}
@article{sikorski2017blockchain,
	title={Blockchain technology in the chemical industry: Machine-to-machine electricity market},
	author={Sikorski, Janusz J and Haughton, Joy and Kraft, Markus},
	journal={Applied energy},
	volume={195},
	pages={234--246},
	year={2017},
	publisher={Elsevier}
}
@inproceedings{croman2016scaling,
	title={On Scaling Decentralized Blockchains: (A Position Paper)},
	author={Croman, Kyle and Decker, Christian and Eyal, Ittay and Gencer, Adem Efe and Juels, Ari and Kosba, Ahmed and Miller, Andrew and Saxena, Prateek and Shi, Elaine and G{\"u}n Sirer, Emin and others},
	booktitle={Financial Cryptography and Data Security: FC 2016 International Workshops, BITCOIN, VOTING, and WAHC, Christ Church, Barbados, February 26, 2016, Revised Selected Papers 20},
	pages={106--125},
	year={2016},
	organization={Springer}
}
@article{vranken2017sustainability,
	title={Sustainability of bitcoin and blockchains},
	author={Vranken, Harald},
	journal={Current opinion in environmental sustainability},
	volume={28},
	pages={1--9},
	year={2017},
	publisher={Elsevier}
}
@article{reyna2018blockchain,
	title={On blockchain and its integration with IoT. Challenges and opportunities},
	author={Reyna, Ana and Mart{\'\i}n, Cristian and Chen, Jaime and Soler, Enrique and D{\'\i}az, Manuel},
	journal={Future generation computer systems},
	volume={88},
	pages={173--190},
	year={2018},
	publisher={Elsevier}
}
@inproceedings{mylrea2017blockchain,
	title={Blockchain for smart grid resilience: Exchanging distributed energy at speed, scale and security},
	author={Mylrea, Michael and Gourisetti, Sri Nikhil Gupta},
	booktitle={2017 Resilience Week (RWS)},
	pages={18--23},
	year={2017},
	organization={IEEE}
}
@inproceedings{zamani2018rapidchain,
	title={Rapidchain: Scaling blockchain via full sharding},
	author={Zamani, Mahdi and Movahedi, Mahnush and Raykova, Mariana},
	booktitle={Proceedings of the 2018 ACM SIGSAC conference on computer and communications security},
	pages={931--948},
	year={2018}
}
@article{saleh2021blockchain,
	title={Blockchain without waste: Proof-of-stake},
	author={Saleh, Fahad},
	journal={The Review of financial studies},
	volume={34},
	number={3},
	pages={1156--1190},
	year={2021},
	publisher={Oxford University Press}
}
@article{monrat2019survey,
	title={A survey of blockchain from the perspectives of applications, challenges, and opportunities},
	author={Monrat, Ahmed Afif and Schel{\'e}n, Olov and Andersson, Karl},
	journal={IEEE Access},
	volume={7},
	pages={117134--117151},
	year={2019},
	publisher={IEEE}
}


@article{ozay2015machine,
	title={Machine learning methods for attack detection in the smart grid},
	author={Ozay, Mete and Esnaola, Inaki and Vural, Fatos Tunay Yarman and Kulkarni, Sanjeev R and Poor, H Vincent},
	journal={IEEE transactions on neural networks and learning systems},
	volume={27},
	number={8},
	pages={1773--1786},
	year={2015},
	publisher={IEEE}
}
@inproceedings{azad2019transformation,
	title={Transformation of smart grid using machine learning},
	author={Azad, Salahuddin and Sabrina, Fariza and Wasimi, Saleh},
	booktitle={2019 29th Australasian Universities Power Engineering Conference (AUPEC)},
	pages={1--6},
	year={2019},
	organization={IEEE}
}
@inproceedings{yan2016detection,
	title={Detection of false data attacks in smart grid with supervised learning},
	author={Yan, Jun and Tang, Bo and He, Haibo},
	booktitle={2016 International Joint Conference on Neural Networks (IJCNN)},
	pages={1395--1402},
	year={2016},
	organization={IEEE}
}
@inproceedings{sakhnini2019smart,
	title={Smart grid cyber attacks detection using supervised learning and heuristic feature selection},
	author={Sakhnini, Jacob and Karimipour, Hadis and Dehghantanha, Ali},
	booktitle={2019 IEEE 7th international conference on smart energy grid engineering (SEGE)},
	pages={108--112},
	year={2019},
	organization={IEEE}
}
@inproceedings{kaygusuz2018detection,
	title={Detection of compromised smart grid devices with machine learning and convolution techniques},
	author={Kaygusuz, Cengiz and Babun, Leonardo and Aksu, Hidayet and Uluagac, A Selcuk},
	booktitle={2018 IEEE International Conference on Communications (ICC)},
	pages={1--6},
	year={2018},
	organization={IEEE}
}
@article{ahmed2018feature,
	title={Feature selection--based detection of covert cyber deception assaults in smart grid communications networks using machine learning},
	author={Ahmed, Saeed and Lee, Youngdoo and Hyun, Seung-Ho and Koo, Insoo},
	journal={IEEE Access},
	volume={6},
	pages={27518--27529},
	year={2018},
	publisher={IEEE}
}
@article{zhang2011distributed,
	title={Distributed intrusion detection system in a multi-layer network architecture of smart grids},
	author={Zhang, Yichi and Wang, Lingfeng and Sun, Weiqing and Green II, Robert C and Alam, Mansoor},
	journal={IEEE Transactions on Smart Grid},
	volume={2},
	number={4},
	pages={796--808},
	year={2011},
	publisher={IEEE}
}
@inproceedings{radoglou2018anomaly,
	title={An anomaly-based intrusion detection system for the smart grid based on cart decision tree},
	author={Radoglou-Grammatikis, Panagiotis I and Sarigiannidis, Panagiotis G},
	booktitle={2018 global information infrastructure and networking symposium (GIIS)},
	pages={1--5},
	year={2018},
	organization={IEEE}
}
@inproceedings{boumkheld2016intrusion,
	title={Intrusion detection system for the detection of blackhole attacks in a smart grid},
	author={Boumkheld, Nadia and Ghogho, Mounir and El Koutbi, Mohammed},
	booktitle={2016 4th International Symposium on Computational and Business Intelligence (ISCBI)},
	pages={108--111},
	year={2016},
	organization={IEEE}
}
@article{yip2017detection,
	title={Detection of energy theft and defective smart meters in smart grids using linear regression},
	author={Yip, Sook-Chin and Wong, KokSheik and Hew, Wooi-Ping and Gan, Ming-Tao and Phan, Raphael C-W and Tan, Su-Wei},
	journal={International Journal of Electrical Power \& Energy Systems},
	volume={91},
	pages={230--240},
	year={2017},
	publisher={Elsevier}
}
@article{xue2019detection,
	title={Detection of false data injection attacks in smart grid utilizing ELM-based OCON framework},
	author={Xue, Dongbo and Jing, Xiaorong and Liu, Hongqing},
	journal={IEEE Access},
	volume={7},
	pages={31762--31773},
	year={2019},
	publisher={IEEE}
}
@article{li2018intrusion,
	title={Intrusion detection system using Online Sequence Extreme Learning Machine (OS-ELM) in advanced metering infrastructure of smart grid},
	author={Li, Yuancheng and Qiu, Rixuan and Jing, Sitong},
	journal={PloS one},
	volume={13},
	number={2},
	pages={e0192216},
	year={2018},
	publisher={Public Library of Science San Francisco, CA USA}
}
@article{yang2017improved,
	title={Improved-ELM method for detecting false data attack in smart grid},
	author={Yang, Liqun and Li, Yuancheng and Li, Zhoujun},
	journal={International Journal of Electrical Power \& Energy Systems},
	volume={91},
	pages={183--191},
	year={2017},
	publisher={Elsevier}
}

@inproceedings{ford2014smart,
	title={Smart grid energy fraud detection using artificial neural networks},
	author={Ford, Vitaly and Siraj, Ambareen and Eberle, William},
	booktitle={2014 IEEE symposium on computational intelligence applications in smart grid (CIASG)},
	pages={1--6},
	year={2014},
	organization={IEEE}
}
@inproceedings{ayad2018detection,
	title={Detection of false data injection attacks in smart grids using recurrent neural networks},
	author={Ayad, Abdelrahman and Farag, Hany EZ and Youssef, Amr and El-Saadany, Ehab F},
	booktitle={2018 IEEE power \& energy society innovative smart grid technologies conference (ISGT)},
	pages={1--5},
	year={2018},
	organization={IEEE}
}
@inproceedings{niu2019dynamic,
	title={Dynamic detection of false data injection attack in smart grid using deep learning},
	author={Niu, Xiangyu and Li, Jiangnan and Sun, Jinyuan and Tomsovic, Kevin},
	booktitle={2019 IEEE Power \& Energy Society Innovative Smart Grid Technologies Conference (ISGT)},
	pages={1--6},
	year={2019},
	organization={IEEE}
}
@article{huang2021electricity,
	title={Electricity theft detection based on stacked sparse denoising autoencoder},
	author={Huang, Yifan and Xu, Qifeng},
	journal={International Journal of Electrical Power \& Energy Systems},
	volume={125},
	pages={106448},
	year={2021},
	publisher={Elsevier}
}




@article{karimipour2019deep,
	title={A deep and scalable unsupervised machine learning system for cyber-attack detection in large-scale smart grids},
	author={Karimipour, Hadis and Dehghantanha, Ali and Parizi, Reza M and Choo, Kim-Kwang Raymond and Leung, Henry},
	journal={IEEE Access},
	volume={7},
	pages={80778--80788},
	year={2019},
	publisher={IEEE}
}

@inproceedings{wei2018false,
	title={False data injection attacks detection with deep belief networks in smart grid},
	author={Wei, Lei and Gao, Donghuai and Luo, Cheng},
	booktitle={2018 Chinese Automation Congress (CAC)},
	pages={2621--2625},
	year={2018},
	organization={IEEE}
}
@article{casas2012unsupervised,
	title={Unsupervised network intrusion detection systems: Detecting the unknown without knowledge},
	author={Casas, Pedro and Mazel, Johan and Owezarski, Philippe},
	journal={Computer Communications},
	volume={35},
	number={7},
	pages={772--783},
	year={2012},
	publisher={Elsevier}
}
@article{meira2020performance,
	title={Performance evaluation of unsupervised techniques in cyber-attack anomaly detection},
	author={Meira, Jorge and Andrade, Rui and Pra{\c{c}}a, Isabel and Carneiro, Jo{\~a}o and Bol{\'o}n-Canedo, Ver{\'o}nica and Alonso-Betanzos, Amparo and Marreiros, Goreti},
	journal={Journal of Ambient Intelligence and Humanized Computing},
	volume={11},
	pages={4477--4489},
	year={2020},
	publisher={Springer}
}
@inproceedings{bhaumik2011clustering,
	title={A clustering approach to unsupervised attack detection in collaborative recommender systems},
	author={Bhaumik, Runa and Mobasher, Bamshad and Burke, Robin},
	booktitle={Proceedings of the International Conference on Data Science (ICDATA)},
	pages={1},
	year={2011},
	organization={Citeseer}
}
@inproceedings{bhatia2019unsupervised,
	title={Unsupervised machine learning for network-centric anomaly detection in IoT},
	author={Bhatia, Randeep and Benno, Steven and Esteban, Jairo and Lakshman, TV and Grogan, John},
	booktitle={Proceedings of the 3rd acm conext workshop on big data, machine learning and artificial intelligence for data communication networks},
	pages={42--48},
	year={2019}
}
@article{pu2020hybrid,
	title={A hybrid unsupervised clustering-based anomaly detection method},
	author={Pu, Guo and Wang, Lijuan and Shen, Jun and Dong, Fang},
	journal={Tsinghua Science and Technology},
	volume={26},
	number={2},
	pages={146--153},
	year={2020},
	publisher={TUP}
}
@article{jiang2006clustering,
	title={A clustering-based method for unsupervised intrusion detections},
	author={Jiang, ShengYi and Song, Xiaoyu and Wang, Hui and Han, Jian-Jun and Li, Qing-Hua},
	journal={Pattern Recognition Letters},
	volume={27},
	number={7},
	pages={802--810},
	year={2006},
	publisher={Elsevier}
}
@inproceedings{syarif2012unsupervised,
	title={Unsupervised clustering approach for network anomaly detection},
	author={Syarif, Iwan and Prugel-Bennett, Adam and Wills, Gary},
	booktitle={Networked Digital Technologies: 4th International Conference, NDT 2012, Dubai, UAE, April 24-26, 2012. Proceedings, Part I 4},
	pages={135--145},
	year={2012},
	organization={Springer}
}
@inproceedings{xu2018unsupervised,
	title={Unsupervised anomaly detection via variational auto-encoder for seasonal kpis in web applications},
	author={Xu, Haowen and Chen, Wenxiao and Zhao, Nengwen and Li, Zeyan and Bu, Jiahao and Li, Zhihan and Liu, Ying and Zhao, Youjian and Pei, Dan and Feng, Yang and others},
	booktitle={Proceedings of the 2018 world wide web conference},
	pages={187--196},
	year={2018}
}
@article{patcha2007overview,
	title={An overview of anomaly detection techniques: Existing solutions and latest technological trends},
	author={Patcha, Animesh and Park, Jung-Min},
	journal={Computer networks},
	volume={51},
	number={12},
	pages={3448--3470},
	year={2007},
	publisher={Elsevier}
}
@article{chandola2009anomaly,
	title={Anomaly detection: A survey},
	author={Chandola, Varun and Banerjee, Arindam and Kumar, Vipin},
	journal={ACM computing surveys (CSUR)},
	volume={41},
	number={3},
	pages={1--58},
	year={2009},
	publisher={ACM New York, NY, USA}
}
@inproceedings{valdes2016anomaly,
	title={Anomaly detection in electrical substation circuits via unsupervised machine learning},
	author={Valdes, Alfonso and Macwan, Richard and Backes, Matthew},
	booktitle={2016 IEEE 17th international conference on information reuse and integration (IRI)},
	pages={500--505},
	year={2016},
	organization={IEEE}
}
@article{ahmed2019unsupervised,
	title={Unsupervised machine learning-based detection of covert data integrity assault in smart grid networks utilizing isolation forest},
	author={Ahmed, Saeed and Lee, YoungDoo and Hyun, Seung-Ho and Koo, Insoo},
	journal={IEEE Transactions on Information Forensics and Security},
	volume={14},
	number={10},
	pages={2765--2777},
	year={2019},
	publisher={IEEE}
}
@inproceedings{chen2017outlier,
	title={Outlier detection with autoencoder ensembles},
	author={Chen, Jinghui and Sathe, Saket and Aggarwal, Charu and Turaga, Deepak},
	booktitle={Proceedings of the 2017 SIAM international conference on data mining},
	pages={90--98},
	year={2017},
	organization={SIAM}
}
@article{aamir2021clustering,
	title={Clustering based semi-supervised machine learning for DDoS attack classification},
	author={Aamir, Muhammad and Zaidi, Syed Mustafa Ali},
	journal={Journal of King Saud University-Computer and Information Sciences},
	volume={33},
	number={4},
	pages={436--446},
	year={2021},
	publisher={Elsevier}
}
@article{haweliya2014network,
	title={Network intrusion detection using semi supervised support vector machine},
	author={Haweliya, Jyoti and Nigam, Bhawna},
	journal={International Journal of Computer Applications},
	volume={85},
	number={9},
	year={2014},
	publisher={Citeseer}
}

@article{zhang2020detecting,
	title={Detecting false data injection attacks in smart grids: A semi-supervised deep learning approach},
	author={Zhang, Ying and Wang, Jianhui and Chen, Bo},
	journal={IEEE Transactions on Smart Grid},
	volume={12},
	number={1},
	pages={623--634},
	year={2020},
	publisher={IEEE}
}
@article{farajzadeh2021adversarial,
	title={Adversarial semi-supervised learning for diagnosing faults and attacks in power grids},
	author={Farajzadeh-Zanjani, Maryam and Hallaji, Ehsan and Razavi-Far, Roozbeh and Saif, Mehrdad and Parvania, Masood},
	journal={IEEE Transactions on Smart Grid},
	volume={12},
	number={4},
	pages={3468--3478},
	year={2021},
	publisher={IEEE}
}
@article{abdel2021semi,
	title={Semi-supervised spatiotemporal deep learning for intrusions detection in IoT networks},
	author={Abdel-Basset, Mohamed and Hawash, Hossam and Chakrabortty, Ripon K and Ryan, Michael J},
	journal={IEEE Internet of Things Journal},
	volume={8},
	number={15},
	pages={12251--12265},
	year={2021},
	publisher={IEEE}
}



@inproceedings{khoei2021ensemble,
	title={Ensemble learning methods for anomaly intrusion detection system in smart grid},
	author={Khoei, Tala Talaei and Aissou, Ghilas and Hu, When Chen and Kaabouch, Naima},
	booktitle={2021 IEEE international conference on electro information technology (EIT)},
	pages={129--135},
	year={2021},
	organization={IEEE}
}
@article{ashrafuzzaman2020detecting,
	title={Detecting stealthy false data injection attacks in the smart grid using ensemble-based machine learning},
	author={Ashrafuzzaman, Mohammad and Das, Saikat and Chakhchoukh, Yacine and Shiva, Sajjan and Sheldon, Frederick T},
	journal={Computers \& Security},
	volume={97},
	pages={101994},
	year={2020},
	publisher={Elsevier}
}
@inproceedings{chen2018ensemble,
	title={Ensemble learning methods for power system cyber-attack detection},
	author={Chen, Xiayang and Zhang, Lei and Liu, Yi and Tang, Chaojing},
	booktitle={2018 IEEE 3rd International Conference on Cloud Computing and Big Data Analysis (ICCCBDA)},
	pages={613--616},
	year={2018},
	organization={IEEE}
}
@article{cao2020novel,
	title={A novel false data injection attack detection model of the cyber-physical power system},
	author={Cao, Jie and Wang, Da and Qu, Zhaoyang and Cui, Mingshi and Xu, Pengcheng and Xue, Kai and Hu, Kewei},
	journal={IEEE Access},
	volume={8},
	pages={95109--95125},
	year={2020},
	publisher={IEEE}
}
@inproceedings{gaikwad2015intrusion,
	title={Intrusion detection system using bagging ensemble method of machine learning},
	author={Gaikwad, DP and Thool, Ravindra C},
	booktitle={2015 international conference on computing communication control and automation},
	pages={291--295},
	year={2015},
	organization={IEEE}
}
@inproceedings{syarif2012application,
	title={Application of bagging, boosting and stacking to intrusion detection},
	author={Syarif, Iwan and Zaluska, Ed and Prugel-Bennett, Adam and Wills, Gary},
	booktitle={Machine Learning and Data Mining in Pattern Recognition: 8th International Conference, MLDM 2012, Berlin, Germany, July 13-20, 2012. Proceedings 8},
	pages={593--602},
	year={2012},
	organization={Springer}
}
@article{rashid2022tree,
	title={A tree-based stacking ensemble technique with feature selection for network intrusion detection},
	author={Rashid, Mamunur and Kamruzzaman, Joarder and Imam, Tasadduq and Wibowo, Santoso and Gordon, Steven},
	journal={Applied Intelligence},
	volume={52},
	number={9},
	pages={9768--9781},
	year={2022},
	publisher={Springer}
}
@article{rajagopal2020stacking,
	title={A stacking ensemble for network intrusion detection using heterogeneous datasets},
	author={Rajagopal, Smitha and Kundapur, Poornima Panduranga and Hareesha, Katiganere Siddaramappa},
	journal={Security and Communication Networks},
	volume={2020},
	pages={1--9},
	year={2020},
	publisher={Hindawi Limited}
}
@article{acosta2020extremely,
	title={Extremely randomized trees-based scheme for stealthy cyber-attack detection in smart grid networks},
	author={Acosta, Mario R Camana and Ahmed, Saeed and Garcia, Carla E and Koo, Insoo},
	journal={IEEE access},
	volume={8},
	pages={19921--19933},
	year={2020},
	publisher={IEEE}
}
@article{aburomman2017survey,
	title={A survey of intrusion detection systems based on ensemble and hybrid classifiers},
	author={Aburomman, Abdulla Amin and Reaz, Mamun Bin Ibne},
	journal={Computers \& security},
	volume={65},
	pages={135--152},
	year={2017},
	publisher={Elsevier}
}
@article{tama2021ensemble,
	title={Ensemble learning for intrusion detection systems: A systematic mapping study and cross-benchmark evaluation},
	author={Tama, Bayu Adhi and Lim, Sunghoon},
	journal={Computer Science Review},
	volume={39},
	pages={100357},
	year={2021},
	publisher={Elsevier}
}
@article{polikar2012ensemble,
	title={Ensemble learning},
	author={Polikar, Robi},
	journal={Ensemble machine learning: Methods and applications},
	pages={1--34},
	year={2012},
	publisher={Springer}
}
@article{breiman1996bagging,
	title={Bagging predictors},
	author={Breiman, Leo},
	journal={Machine learning},
	volume={24},
	pages={123--140},
	year={1996},
	publisher={Springer}
}
@article{bartlett1998boosting,
	title={Boosting the margin: A new explanation for the effectiveness of voting methods},
	author={Bartlett, Peter and Freund, Yoav and Lee, Wee Sun and Schapire, Robert E},
	journal={The annals of statistics},
	volume={26},
	number={5},
	pages={1651--1686},
	year={1998},
	publisher={Institute of Mathematical Statistics}
}
@article{wolpert1992stacked,
	title={Stacked generalization},
	author={Wolpert, David H},
	journal={Neural networks},
	volume={5},
	number={2},
	pages={241--259},
	year={1992},
	publisher={Elsevier}
}
@article{kurt2018online,
	title={Online cyber-attack detection in smart grid: A reinforcement learning approach},
	author={Kurt, Mehmet Necip and Ogundijo, Oyetunji and Li, Chong and Wang, Xiaodong},
	journal={IEEE Transactions on Smart Grid},
	volume={10},
	number={5},
	pages={5174--5185},
	year={2018},
	publisher={IEEE}
}
@article{an2019defending,
	title={Defending against data integrity attacks in smart grid: A deep reinforcement learning-based approach},
	author={An, Dou and Yang, Qingyu and Liu, Wenmao and Zhang, Yang},
	journal={IEEE Access},
	volume={7},
	pages={110835--110845},
	year={2019},
	publisher={IEEE}
}
@article{yan2016q,
	title={Q-learning-based vulnerability analysis of smart grid against sequential topology attacks},
	author={Yan, Jun and He, Haibo and Zhong, Xiangnan and Tang, Yufei},
	journal={IEEE Transactions on Information Forensics and Security},
	volume={12},
	number={1},
	pages={200--210},
	year={2016},
	publisher={IEEE}
}
@article{an2022data,
	title={Data integrity attack in dynamic state estimation of smart grid: Attack model and countermeasures},
	author={An, Dou and Zhang, Feiye and Yang, Qingyu and Zhang, Chengwei},
	journal={IEEE Transactions on Automation Science and Engineering},
	volume={19},
	number={3},
	pages={1631--1644},
	year={2022},
	publisher={IEEE}
}
@article{huang2023attention,
	title={Attention-aware deep reinforcement learning for detecting false data injection attacks in smart grids},
	author={Huang, Rong and Li, Yuancheng and Wang, Xiao},
	journal={International Journal of Electrical Power \& Energy Systems},
	volume={147},
	pages={108815},
	year={2023},
	publisher={Elsevier}
}
@article{li2022low,
	title={Low latency cyberattack detection in smart grids with deep reinforcement learning},
	author={Li, Yaze and Wu, Jingxian},
	journal={International Journal of Electrical Power \& Energy Systems},
	volume={142},
	pages={108265},
	year={2022},
	publisher={Elsevier}
}
@book{sutton2018reinforcement,
	title={Reinforcement learning: An introduction},
	author={Sutton, Richard S and Barto, Andrew G},
	year={2018},
	publisher={MIT press}
}
@inproceedings{feng2017deep,
	title={Deep reinforecement learning based optimal defense for cyber-physical system in presence of unknown cyber-attack},
	author={Feng, Ming and Xu, Hao},
	booktitle={2017 IEEE Symposium Series on Computational Intelligence (SSCI)},
	pages={1--8},
	year={2017},
	organization={IEEE}
}
@article{abianeh2021vulnerability,
	title={Vulnerability identification and remediation of fdi attacks in islanded dc microgrids using multiagent reinforcement learning},
	author={Abianeh, Ali Jafarian and Wan, Yihao and Ferdowsi, Farzad and Mijatovic, Nenad and Dragi{\v{c}}evi{\'c}, Tomislav},
	journal={IEEE Transactions on Power Electronics},
	volume={37},
	number={6},
	pages={6359--6370},
	year={2021},
	publisher={IEEE}
}
@article{watkins1992q,
	title={Q-learning},
	author={Watkins, Christopher JCH and Dayan, Peter},
	journal={Machine learning},
	volume={8},
	pages={279--292},
	year={1992},
	publisher={Springer}
}
@article{mnih2015human,
	title={Human-level control through deep reinforcement learning},
	author={Mnih, Volodymyr and Kavukcuoglu, Koray and Silver, David and Rusu, Andrei A and Veness, Joel and Bellemare, Marc G and Graves, Alex and Riedmiller, Martin and Fidjeland, Andreas K and Ostrovski, Georg and others},
	journal={nature},
	volume={518},
	number={7540},
	pages={529--533},
	year={2015},
	publisher={Nature Publishing Group}
}
@article{konda1999actor,
	title={Actor-critic algorithms},
	author={Konda, Vijay and Tsitsiklis, John},
	journal={Advances in neural information processing systems},
	volume={12},
	year={1999}
}
@article{lillicrap2015continuous,
	title={Continuous control with deep reinforcement learning},
	author={Lillicrap, Timothy P and Hunt, Jonathan J and Pritzel, Alexander and Heess, Nicolas and Erez, Tom and Tassa, Yuval and Silver, David and Wierstra, Daan},
	journal={arXiv preprint arXiv:1509.02971},
	year={2015}
}
@book{sutton1998introduction,
	title={Introduction to reinforcement learning},
	author={Sutton, Richard S and Barto, Andrew G and others},
	volume={135},
	year={1998},
	publisher={MIT press Cambridge}
}
@inproceedings{henderson2018deep,
	title={Deep reinforcement learning that matters},
	author={Henderson, Peter and Islam, Riashat and Bachman, Philip and Pineau, Joelle and Precup, Doina and Meger, David},
	booktitle={Proceedings of the AAAI conference on artificial intelligence},
	volume={32},
	number={1},
	year={2018}
}
@article{sagi2018ensemble,
	title={Ensemble learning: A survey},
	author={Sagi, Omer and Rokach, Lior},
	journal={Wiley Interdisciplinary Reviews: Data Mining and Knowledge Discovery},
	volume={8},
	number={4},
	pages={e1249},
	year={2018},
	publisher={Wiley Online Library}
}
@book{kuncheva2014combining,
	title={Combining pattern classifiers: methods and algorithms},
	author={Kuncheva, Ludmila I},
	year={2014},
	publisher={John Wiley \& Sons}
}
@article{triguero2015self,
	title={Self-labeled techniques for semi-supervised learning: taxonomy, software and empirical study},
	author={Triguero, Isaac and Garc{\'\i}a, Salvador and Herrera, Francisco},
	journal={Knowledge and Information systems},
	volume={42},
	pages={245--284},
	year={2015},
	publisher={Springer}
}

@article{ahmad2022data,
	title={Data-driven probabilistic machine learning in sustainable smart energy/smart energy systems: Key developments, challenges, and future research opportunities in the context of smart grid paradigm},
	author={Ahmad, Tanveer and Madonski, Rafal and Zhang, Dongdong and Huang, Chao and Mujeeb, Asad},
	journal={Renewable and Sustainable Energy Reviews},
	volume={160},
	pages={112128},
	year={2022},
	publisher={Elsevier}
}
@article{mahmood2015overview,
	title={An overview of load management techniques in smart grid},
	author={Mahmood, Anzar and Javaid, Nadeem and Khan, Muhammad Asghar and Razzaq, Sohail},
	journal={International Journal of Energy Research},
	volume={39},
	number={11},
	pages={1437--1450},
	year={2015},
	publisher={Wiley Online Library}
}
@article{rahimi2010demand,
	title={Demand response as a market resource under the smart grid paradigm},
	author={Rahimi, Farrokh and Ipakchi, Ali},
	journal={IEEE Transactions on smart grid},
	volume={1},
	number={1},
	pages={82--88},
	year={2010},
	publisher={IEEE}
}
@article{tan2016integration,
	title={Integration of electric vehicles in smart grid: A review on vehicle to grid technologies and optimization techniques},
	author={Tan, Kang Miao and Ramachandaramurthy, Vigna K and Yong, Jia Ying},
	journal={Renewable and Sustainable Energy Reviews},
	volume={53},
	pages={720--732},
	year={2016},
	publisher={Elsevier}
}
@inproceedings{samadi2010optimal,
	title={Optimal real-time pricing algorithm based on utility maximization for smart grid},
	author={Samadi, Pedram and Mohsenian-Rad, Amir-Hamed and Schober, Robert and Wong, Vincent WS and Jatskevich, Juri},
	booktitle={2010 First IEEE international conference on smart grid communications},
	pages={415--420},
	year={2010},
	organization={IEEE}
}
@article{yoldacs2017enhancing,
	title={Enhancing smart grid with microgrids: Challenges and opportunities},
	author={Yolda{\c{s}}, Yeliz and {\"O}nen, Ahmet and Muyeen, SM and Vasilakos, Athanasios V and Alan, Irfan},
	journal={Renewable and Sustainable Energy Reviews},
	volume={72},
	pages={205--214},
	year={2017},
	publisher={Elsevier}
}


@article{valli2012eavesdropping,
	title={Eavesdropping on the smart grid},
	author={Valli, Craig and Woodward, Andrew and Carpene, Clinton and Hannay, Peter and Brand, Murray and Karvinen, Reino and Holme, Christopher},
	year={2012},
	publisher={SRI Security Research Institute, Edith Cowan University, Perth, Western~â€¦}
}
@article{tyav2022comprehensive,
	title={A comprehensive review on Smart Grid Data Security},
	author={Tyav, Jennifer and Tufail, Shahid and Roy, Sukanta and Parvez, Imtiaz and Debnath, Anjan and Sarwat, Arif},
	journal={SoutheastCon 2022},
	pages={8--15},
	year={2022},
	publisher={IEEE}
}
@article{wlazlo2021man,
	title={Man-in-the-middle attacks and defence in a power system cyber-physical testbed},
	author={Wlazlo, Patrick and Sahu, Abhijeet and Mao, Zeyu and Huang, Hao and Goulart, Ana and Davis, Katherine and Zonouz, Saman},
	journal={IET Cyber-Physical Systems: Theory \& Applications},
	volume={6},
	number={3},
	pages={164--177},
	year={2021},
	publisher={Wiley Online Library}
}
@article{rawat2015cyber,
	title={Cyber security for smart grid systems: Status, challenges and perspectives},
	author={Rawat, Danda B and Bajracharya, Chandra},
	journal={SoutheastCon 2015},
	pages={1--6},
	year={2015},
	publisher={IEEE}
}
@article{sun2018cyber,
	title={Cyber security of a power grid: State-of-the-art},
	author={Sun, Chih-Che and Hahn, Adam and Liu, Chen-Ching},
	journal={International Journal of Electrical Power \& Energy Systems},
	volume={99},
	pages={45--56},
	year={2018},
	publisher={Elsevier}
}
@article{el2018cyber,
	title={Cyber-security in smart grid: Survey and challenges},
	author={El Mrabet, Zakaria and Kaabouch, Naima and El Ghazi, Hassan and El Ghazi, Hamid},
	journal={Computers \& Electrical Engineering},
	volume={67},
	pages={469--482},
	year={2018},
	publisher={Elsevier}
}
@inproceedings{sahu2017detection,
	title={Detection of rogue nodes in AMI networks},
	author={Sahu, Abhijeet and Tippanaboyana, HNR Karthik and Hefton, Lindsay and Goulart, Ana},
	booktitle={2017 19th International Conference on Intelligent System Application to Power Systems (ISAP)},
	pages={1--6},
	year={2017},
	organization={IEEE}
}
@article{alrawais2017fog,
	title={Fog computing for the internet of things: Security and privacy issues},
	author={Alrawais, Arwa and Alhothaily, Abdulrahman and Hu, Chunqiang and Cheng, Xiuzhen},
	journal={IEEE Internet Computing},
	volume={21},
	number={2},
	pages={34--42},
	year={2017},
	publisher={IEEE}
}
@inproceedings{wang2020mitigating,
	title={Mitigating cache-based side-channel attacks through randomization: A comprehensive system and architecture level analysis},
	author={Wang, Han and Sayadi, Hossein and Mohsenin, Tinoosh and Zhao, Liang and Sasan, Avesta and Rafatirad, Setareh and Homayoun, Houman},
	booktitle={2020 Design, Automation \& Test in Europe Conference \& Exhibition (DATE)},
	pages={1414--1419},
	year={2020},
	organization={IEEE}
}
@article{cilio2013mitigating,
	title={Mitigating power-and timing-based side-channel attacks using dual-spacer dual-rail delay-insensitive asynchronous logic},
	author={Cilio, Washington and Linder, Michael and Porter, Chris and Di, Jia and Thompson, Dale R and Smith, Scott C},
	journal={Microelectronics Journal},
	volume={44},
	number={3},
	pages={258--269},
	year={2013},
	publisher={Elsevier}
}
@article{liu2016local,
	title={Local topology attacks in smart grids},
	author={Liu, Xuan and Li, Zuyi},
	journal={IEEE Transactions on Smart Grid},
	volume={8},
	number={6},
	pages={2617--2626},
	year={2016},
	publisher={IEEE}
}
@article{bao2015blithe,
	title={BLITHE: Behavior rule-based insider threat detection for smart grid},
	author={Bao, Haiyong and Lu, Rongxing and Li, Beibei and Deng, Ruilong},
	journal={IEEE Internet of Things Journal},
	volume={3},
	number={2},
	pages={190--205},
	year={2015},
	publisher={IEEE}
}
@article{liu2013framework,
	title={A framework for modeling cyber-physical switching attacks in smart grid},
	author={Liu, Shan and Mashayekh, Salman and Kundur, Deepa and Zourntos, Takis and Butler-Purry, Karen},
	journal={IEEE Transactions on Emerging Topics in Computing},
	volume={1},
	number={2},
	pages={273--285},
	year={2013},
	publisher={IEEE}
}
@inproceedings{liu2011switched,
	title={Switched system models for coordinated cyber-physical attack construction and simulation},
	author={Liu, Shan and Feng, Xianyong and Kundur, Deepa and Zourntos, Takis and Butler-Purry, Karen L},
	booktitle={2011 IEEE First International Workshop on Smart Grid Modeling and Simulation (SGMS)},
	pages={49--54},
	year={2011},
	organization={IEEE}
}
@inproceedings{liu2011class,
	title={A class of cyber-physical switching attacks for power system disruption},
	author={Liu, Shan and Feng, Xianyong and Kundur, Deepa and Zourntos, Takis and Butler-Purry, Karen},
	booktitle={Proceedings of the Seventh Annual Workshop on Cyber Security and Information Intelligence Research},
	pages={1--1},
	year={2011}
}
@inproceedings{liu2012smart,
	title={A smart grid vulnerability analysis framework for coordinated variable structure switching attacks},
	author={Liu, Shan and Mashayekh, Salman and Kundur, Deepa and Zourntos, Takis and Butler-Purry, Karen L},
	booktitle={2012 IEEE Power and Energy Society General Meeting},
	pages={1--6},
	year={2012},
	organization={IEEE}
}
@inproceedings{liu2012coordinated,
	title={Coordinated variable structure switching attack in the presence of model error and state estimation},
	author={Liu, Shan and Kundur, Deepa and Zourntos, Takis and Butler-Purry, Karen L},
	booktitle={2012 IEEE Third International Conference on Smart Grid Communications (SmartGridComm)},
	pages={318--323},
	year={2012},
	organization={IEEE}
}
@article{farraj2015game,
	title={A game-theoretic analysis of cyber switching attacks and mitigation in smart grid systems},
	author={Farraj, Abdallah and Hammad, Eman and Al Daoud, Ashraf and Kundur, Deepa},
	journal={IEEE Transactions on Smart Grid},
	volume={7},
	number={4},
	pages={1846--1855},
	year={2015},
	publisher={IEEE}
}
@inproceedings{farraj2014game,
	title={A game-theoretic control approach to mitigate cyber switching attacks in smart grid systems},
	author={Farraj, Abdallah K and Hammad, Eman M and Al Daoud, Ashraf and Kundur, Deepa},
	booktitle={2014 IEEE International Conference on Smart Grid Communications (SmartGridComm)},
	pages={958--963},
	year={2014},
	organization={IEEE}
}
@article{lee2019vulnerability,
	title={Vulnerability analysis of cascading dynamics in smart grids under load redistribution attacks},
	author={Lee, Lily and Hu, Po},
	journal={International Journal of Electrical Power \& Energy Systems},
	volume={111},
	pages={182--190},
	year={2019},
	publisher={Elsevier}
}
@article{yuan2012quantitative,
	title={Quantitative analysis of load redistribution attacks in power systems},
	author={Yuan, Yanling and Li, Zuyi and Ren, Kui},
	journal={IEEE Transactions on Parallel and Distributed Systems},
	volume={23},
	number={9},
	pages={1731--1738},
	year={2012},
	publisher={IEEE}
}
@article{xiang2016power,
	title={Power system reliability evaluation considering load redistribution attacks},
	author={Xiang, Yingmeng and Ding, Zhilu and Zhang, Yichi and Wang, Lingfeng},
	journal={IEEE Transactions on Smart Grid},
	volume={8},
	number={2},
	pages={889--901},
	year={2016},
	publisher={IEEE}
}
@article{shakarian2011stuxnet,
	title={Stuxnet: Cyberwar revolution in military affairs},
	author={Shakarian, Paulo},
	year={2011},
	publisher={Small Wars Foundation}
}
@article{farwell2011stuxnet,
	title={Stuxnet and the future of cyber war},
	author={Farwell, James P and Rohozinski, Rafal},
	journal={Survival},
	volume={53},
	number={1},
	pages={23--40},
	year={2011},
	publisher={Taylor \& Francis}
}
@article{chen2010stuxnet,
	title={Stuxnet, the real start of cyber warfare?[Editor's Note]},
	author={Chen, Thomas M},
	journal={IEEE network},
	volume={24},
	number={6},
	pages={2--3},
	year={2010},
	publisher={IEEE}
}
@article{falliere2011w32,
	title={W32. stuxnet dossier},
	author={Falliere, Nicolas and Murchu, Liam O and Chien, Eric},
	journal={White paper, symantec corp., security response},
	volume={5},
	number={6},
	pages={29},
	year={2011}
}
@article{saxena2017network,
	title={Network security and privacy challenges in smart vehicle-to-grid},
	author={Saxena, Neetesh and Grijalva, Santiago and Chukwuka, Victor and Vasilakos, Athanasios V},
	journal={IEEE Wireless Communications},
	volume={24},
	number={4},
	pages={88--98},
	year={2017},
	publisher={IEEE}
}
@article{zhang2013securing,
	title={Securing vehicle-to-grid communications in the smart grid},
	author={Zhang, Yan and Gjessing, Stein and Liu, Hong and Ning, Huansheng and Yang, Laurence T and Guizani, Mohsen},
	journal={IEEE Wireless Communications},
	volume={20},
	number={6},
	pages={66--73},
	year={2013},
	publisher={IEEE}
}
@article{lee2017crashoverride,
	title={Crashoverride: Analysis of the threat to electric grid operations},
	author={Lee, Robert M and Assante, MJ and Conway, T},
	journal={Dragos Inc., March},
	pages={7},
	year={2017}
}
@article{bindra2017securing,
	title={Securing the power grid: Protecting smart grids and connected power systems from cyberattacks},
	author={Bindra, Ashok},
	journal={IEEE Power Electronics Magazine},
	volume={4},
	number={3},
	pages={20--27},
	year={2017},
	publisher={IEEE}
}
@article{slowik2019crashoverride,
	title={Crashoverride: Reassessing the 2016 ukraine electric power event as a protection-focused attack},
	author={Slowik, Joe},
	journal={Dragos, Inc},
	year={2019}
}
@article{wangen2015role,
	title={The role of malware in reported cyber espionage: a review of the impact and mechanism},
	author={Wangen, Gaute},
	journal={Information},
	volume={6},
	number={2},
	pages={183--211},
	year={2015},
	publisher={MDPI}
}
@inproceedings{hemsley2018history,
	title={A history of cyber incidents and threats involving industrial control systems},
	author={Hemsley, Kevin and Fisher, Ronald},
	booktitle={Critical Infrastructure Protection XII: 12th IFIP WG 11.10 International Conference, ICCIP 2018, Arlington, VA, USA, March 12-14, 2018, Revised Selected Papers 12},
	pages={215--242},
	year={2018},
	organization={Springer}
}
@article{zhang2021smart,
	title={Smart grid cyber-physical attack and defense: A review},
	author={Zhang, Hang and Liu, Bo and Wu, Hongyu},
	journal={IEEE Access},
	volume={9},
	pages={29641--29659},
	year={2021},
	publisher={IEEE}
}
@article{zhang2013time,
	title={Time synchronization attack in smart grid: Impact and analysis},
	author={Zhang, Zhenghao and Gong, Shuping and Dimitrovski, Aleksandar D and Li, Husheng},
	journal={IEEE Transactions on Smart Grid},
	volume={4},
	number={1},
	pages={87--98},
	year={2013},
	publisher={IEEE}
}
@article{levine2006survey,
	title={A survey of solutions to the sybil attack},
	author={Levine, Brian Neil and Shields, Clay and Margolin, N Boris},
	journal={University of Massachusetts Amherst, Amherst, MA},
	volume={7},
	pages={224},
	year={2006}
}
@inproceedings{newsome2004sybil,
	title={The sybil attack in sensor networks: analysis \& defenses},
	author={Newsome, James and Shi, Elaine and Song, Dawn and Perrig, Adrian},
	booktitle={Proceedings of the 3rd international symposium on Information processing in sensor networks},
	pages={259--268},
	year={2004}
}
@article{ross2013using,
	title={Using a distributed agent-based communication enabled special protection system to enhance smart grid security},
	author={Ross, Keith J and Hopkinson, Kenneth Mark and Pachter, Meir},
	journal={IEEE Transactions on Smart Grid},
	volume={4},
	number={2},
	pages={1216--1224},
	year={2013},
	publisher={IEEE}
}
@inproceedings{tan2013impact,
	title={Impact of integrity attacks on real-time pricing in smart grids},
	author={Tan, Rui and Badrinath Krishna, Varun and Yau, David KY and Kalbarczyk, Zbigniew},
	booktitle={Proceedings of the 2013 ACM SIGSAC conference on Computer \& communications security},
	pages={439--450},
	year={2013}
}
@article{conti2016survey,
	title={A survey of man in the middle attacks},
	author={Conti, Mauro and Dragoni, Nicola and Lesyk, Viktor},
	journal={IEEE communications surveys \& tutorials},
	volume={18},
	number={3},
	pages={2027--2051},
	year={2016},
	publisher={IEEE}
}
@inproceedings{teixeira2010cyber,
	title={Cyber security analysis of state estimators in electric power systems},
	author={Teixeira, Andr{\'e} and Amin, Saurabh and Sandberg, Henrik and Johansson, Karl H and Sastry, Shankar S},
	booktitle={49th IEEE conference on decision and control (CDC)},
	pages={5991--5998},
	year={2010},
	organization={IEEE}
}

@article{goodfellow2014explaining,
	title={Explaining and harnessing adversarial examples},
	author={Goodfellow, Ian J and Shlens, Jonathon and Szegedy, Christian},
	journal={arXiv preprint arXiv:1412.6572},
	year={2014}
}

@article{hao2022adversarial,
	title={Adversarial attacks on deep learning models in smart grids},
	author={Hao, Jingbo and Tao, Yang},
	journal={Energy Reports},
	volume={8},
	pages={123--129},
	year={2022},
	publisher={Elsevier}
}
@article{chakraborty2018adversarial,
	title={Adversarial attacks and defences: A survey},
	author={Chakraborty, Anirban and Alam, Manaar and Dey, Vishal and Chattopadhyay, Anupam and Mukhopadhyay, Debdeep},
	journal={arXiv preprint arXiv:1810.00069},
	year={2018}
}
@article{huang2017adversarial,
	title={Adversarial attacks on neural network policies},
	author={Huang, Sandy and Papernot, Nicolas and Goodfellow, Ian and Duan, Yan and Abbeel, Pieter},
	journal={arXiv preprint arXiv:1702.02284},
	year={2017}
}
@inproceedings{huang2011adversarial,
	title={Adversarial machine learning},
	author={Huang, Ling and Joseph, Anthony D and Nelson, Blaine and Rubinstein, Benjamin IP and Tygar, J Doug},
	booktitle={Proceedings of the 4th ACM workshop on Security and artificial intelligence},
	pages={43--58},
	year={2011}
}
@article{rosenberg2021adversarial,
	title={Adversarial machine learning attacks and defense methods in the cyber security domain},
	author={Rosenberg, Ishai and Shabtai, Asaf and Elovici, Yuval and Rokach, Lior},
	journal={ACM Computing Surveys (CSUR)},
	volume={54},
	number={5},
	pages={1--36},
	year={2021},
	publisher={ACM New York, NY, USA}
}
@article{he2023adversarial,
	title={Adversarial machine learning for network intrusion detection systems: a comprehensive survey},
	author={He, Ke and Kim, Dan Dongseong and Asghar, Muhammad Rizwan},
	journal={IEEE Communications Surveys \& Tutorials},
	year={2023},
	publisher={IEEE}
}
@inproceedings{papernot2016distillation,
	title={Distillation as a defense to adversarial perturbations against deep neural networks},
	author={Papernot, Nicolas and McDaniel, Patrick and Wu, Xi and Jha, Somesh and Swami, Ananthram},
	booktitle={2016 IEEE symposium on security and privacy (SP)},
	pages={582--597},
	year={2016},
	organization={IEEE}
}
@article{xu2017feature,
	title={Feature squeezing: Detecting adversarial examples in deep neural networks},
	author={Xu, Weilin and Evans, David and Qi, Yanjun},
	journal={arXiv preprint arXiv:1704.01155},
	year={2017}
}
@article{goodfellow2020generative,
	title={Generative adversarial networks},
	author={Goodfellow, Ian and Pouget-Abadie, Jean and Mirza, Mehdi and Xu, Bing and Warde-Farley, David and Ozair, Sherjil and Courville, Aaron and Bengio, Yoshua},
	journal={Communications of the ACM},
	volume={63},
	number={11},
	pages={139--144},
	year={2020},
	publisher={ACM New York, NY, USA}
}
@article{carlini2017magnet,
	title={Magnet and" efficient defenses against adversarial attacks" are not robust to adversarial examples},
	author={Carlini, Nicholas and Wagner, David},
	journal={arXiv preprint arXiv:1711.08478},
	year={2017}
}
@inproceedings{buckman2018thermometer,
	title={Thermometer encoding: One hot way to resist adversarial examples},
	author={Buckman, Jacob and Roy, Aurko and Raffel, Colin and Goodfellow, Ian},
	booktitle={International conference on learning representations},
	year={2018}
}
@article{madry2017towards,
	title={Towards deep learning models resistant to adversarial attacks},
	author={Madry, Aleksander and Makelov, Aleksandar and Schmidt, Ludwig and Tsipras, Dimitris and Vladu, Adrian},
	journal={arXiv preprint arXiv:1706.06083},
	year={2017}
}
@article{szegedy2013intriguing,
	title={Intriguing properties of neural networks},
	author={Szegedy, Christian and Zaremba, Wojciech and Sutskever, Ilya and Bruna, Joan and Erhan, Dumitru and Goodfellow, Ian and Fergus, Rob},
	journal={arXiv preprint arXiv:1312.6199},
	year={2013}
}
@inproceedings{papernot2016limitations,
	title={The limitations of deep learning in adversarial settings},
	author={Papernot, Nicolas and McDaniel, Patrick and Jha, Somesh and Fredrikson, Matt and Celik, Z Berkay and Swami, Ananthram},
	booktitle={2016 IEEE European symposium on security and privacy (EuroS\&P)},
	pages={372--387},
	year={2016},
	organization={IEEE}
}
@inproceedings{hitaj2017deep,
	title={Deep models under the GAN: information leakage from collaborative deep learning},
	author={Hitaj, Briland and Ateniese, Giuseppe and Perez-Cruz, Fernando},
	booktitle={Proceedings of the 2017 ACM SIGSAC conference on computer and communications security},
	pages={603--618},
	year={2017}
}

@inproceedings{papernot2017practical,
	title={Practical black-box attacks against machine learning},
	author={Papernot, Nicolas and McDaniel, Patrick and Goodfellow, Ian and Jha, Somesh and Celik, Z Berkay and Swami, Ananthram},
	booktitle={Proceedings of the 2017 ACM on Asia conference on computer and communications security},
	pages={506--519},
	year={2017}
}
@article{tramer2017space,
	title={The space of transferable adversarial examples},
	author={Tram{\`e}r, Florian and Papernot, Nicolas and Goodfellow, Ian and Boneh, Dan and McDaniel, Patrick},
	journal={arXiv preprint arXiv:1704.03453},
	year={2017}
}
@inproceedings{carlini2017towards,
	title={Towards evaluating the robustness of neural networks},
	author={Carlini, Nicholas and Wagner, David},
	booktitle={2017 ieee symposium on security and privacy (sp)},
	pages={39--57},
	year={2017},
	organization={Ieee}
}
@article{miyato2016adversarial,
	title={Adversarial training methods for semi-supervised text classification},
	author={Miyato, Takeru and Dai, Andrew M and Goodfellow, Ian},
	journal={arXiv preprint arXiv:1605.07725},
	year={2016}
}
@inproceedings{meng2017magnet,
	title={Magnet: a two-pronged defense against adversarial examples},
	author={Meng, Dongyu and Chen, Hao},
	booktitle={Proceedings of the 2017 ACM SIGSAC conference on computer and communications security},
	pages={135--147},
	year={2017}
}

@article{carlini2016defensive,
	title={Defensive distillation is not robust to adversarial examples},
	author={Carlini, Nicholas and Wagner, David},
	journal={arXiv preprint arXiv:1607.04311},
	year={2016}
}
@article{Lian2017AsynchronousDP,
	title={Asynchronous Decentralized Parallel Stochastic Gradient Descent},
	author={Xiangru Lian and Wei Zhang and Ce Zhang and Ji Liu},
	journal={ArXiv},
	year={2017},
	volume={abs/1710.06952},
}

@InProceedings{pmlr-v108-bagdasaryan20a,
	title =   {How To Backdoor Federated Learning},
	author =       {Bagdasaryan, Eugene and Veit, Andreas and Hua, Yiqing and Estrin, Deborah and Shmatikov, Vitaly},
	booktitle =   {Proceedings of the Twenty Third International Conference on Artificial Intelligence and Statistics},
	pages =   {2938--2948},
	year =   {2020},
	editor =   {Chiappa, Silvia and Calandra, Roberto},
	volume =   {108},
	series =   {Proceedings of Machine Learning Research},
	month =   {26--28 Aug},
	publisher =    {PMLR},
}
@article{Mothukuri2021ASO,
	title={A survey on security and privacy of federated learning},
	author={Viraaji Mothukuri and Reza Meimandi Parizi and Seyedamin Pouriyeh and Yan-ping Huang and Ali Dehghantanha and Gautam Srivastava},
	journal={Future Gener. Comput. Syst.},
	year={2021},
	volume={115},
	pages={619-640},
}
@inproceedings{
	gholami2023fast,
	title={Fast and Communication Efficient Decentralized Learning with Local Updates},
	author={Peyman Gholami and Hulya Seferoglu},
	booktitle={Federated Learning and Analytics in Practice: Algorithms, Systems, Applications, and Opportunities},
	year={2023},
}
@inproceedings{Tolpegin2020DataPA,
	title={Data Poisoning Attacks Against Federated Learning Systems},
	author={Vale Tolpegin and Stacey Truex and Mehmet Emre Gursoy and Ling Liu},
	booktitle={European Symposium on Research in Computer Security},
	year={2020},
}

@article{gholami2024digest,
  title={DIGEST: Fast and Communication Efficient Decentralized Learning with Local Updates},
  author={Gholami, Peyman and Seferoglu, Hulya},
  journal={IEEE Transactions on Machine Learning in Communications and Networking},
  year={2024},
  publisher={IEEE}
}

@article{gholami2024improved,
  title={Improved Generalization Bounds for Communication Efficient Federated Learning},
  author={Gholami, Peyman and Seferoglu, Hulya},
  journal={arXiv preprint arXiv:2404.11754},
  year={2024}
}

@inproceedings{McMahan2016CommunicationEfficientLO,
	title={Communication-Efficient Learning of Deep Networks from Decentralized Data},
	author={H. B. McMahan and Eider Moore and Daniel Ramage and Seth Hampson and Blaise Ag{\"u}era y Arcas},
	booktitle={International Conference on Artificial Intelligence and Statistics},
	year={2016},
}
@inproceedings{munoz2017towards,
	title={Towards poisoning of deep learning algorithms with back-gradient optimization},
	author={Mu{\~n}oz-Gonz{\'a}lez, Luis and Biggio, Battista and Demontis, Ambra and Paudice, Andrea and Wongrassamee, Vasin and Lupu, Emil C and Roli, Fabio},
	booktitle={Proceedings of the 10th ACM workshop on artificial intelligence and security},
	pages={27--38},
	year={2017}
}
@article{chen2017targeted,
	title={Targeted backdoor attacks on deep learning systems using data poisoning},
	author={Chen, Xinyun and Liu, Chang and Li, Bo and Lu, Kimberly and Song, Dawn},
	journal={arXiv preprint arXiv:1712.05526},
	year={2017}
}
@article{biggio2012poisoning,
	title={Poisoning attacks against support vector machines},
	author={Biggio, Battista and Nelson, Blaine and Laskov, Pavel},
	journal={arXiv preprint arXiv:1206.6389},
	year={2012}
}
@article{turner2018clean,
	title={Clean-label backdoor attacks},
	author={Turner, Alexander and Tsipras, Dimitris and Madry, Aleksander},
	year={2018}
}
@inproceedings{he2017adversarial,
	title={Adversarial example defense: Ensembles of weak defenses are not strong},
	author={He, Warren and Wei, James and Chen, Xinyun and Carlini, Nicholas and Song, Dawn},
	booktitle={11th USENIX workshop on offensive technologies (WOOT 17)},
	year={2017}
}
@article{shafahi2018poison,
	title={Poison frogs! targeted clean-label poisoning attacks on neural networks},
	author={Shafahi, Ali and Huang, W Ronny and Najibi, Mahyar and Suciu, Octavian and Studer, Christoph and Dumitras, Tudor and Goldstein, Tom},
	journal={Advances in neural information processing systems},
	volume={31},
	year={2018}
}
@article{brendel2017decision,
	title={Decision-based adversarial attacks: Reliable attacks against black-box machine learning models},
	author={Brendel, Wieland and Rauber, Jonas and Bethge, Matthias},
	journal={arXiv preprint arXiv:1712.04248},
	year={2017}
}
@article{ilyas2017query,
	title={Query-efficient black-box adversarial examples (superceded)},
	author={Ilyas, Andrew and Engstrom, Logan and Athalye, Anish and Lin, Jessy},
	journal={arXiv preprint arXiv:1712.07113},
	year={2017}
}
@inproceedings{chen2017zoo,
	title={Zoo: Zeroth order optimization based black-box attacks to deep neural networks without training substitute models},
	author={Chen, Pin-Yu and Zhang, Huan and Sharma, Yash and Yi, Jinfeng and Hsieh, Cho-Jui},
	booktitle={Proceedings of the 10th ACM workshop on artificial intelligence and security},
	pages={15--26},
	year={2017}
}
@inproceedings{zhou2018transferable,
	title={Transferable adversarial perturbations},
	author={Zhou, Wen and Hou, Xin and Chen, Yongjun and Tang, Mengyun and Huang, Xiangqi and Gan, Xiang and Yang, Yong},
	booktitle={Proceedings of the European Conference on Computer Vision (ECCV)},
	pages={452--467},
	year={2018}
}
@inproceedings{dong2018boosting,
	title={Boosting adversarial attacks with momentum},
	author={Dong, Yinpeng and Liao, Fangzhou and Pang, Tianyu and Su, Hang and Zhu, Jun and Hu, Xiaolin and Li, Jianguo},
	booktitle={Proceedings of the IEEE conference on computer vision and pattern recognition},
	pages={9185--9193},
	year={2018}
}
@inproceedings{ilyas2018black,
	title={Black-box adversarial attacks with limited queries and information},
	author={Ilyas, Andrew and Engstrom, Logan and Athalye, Anish and Lin, Jessy},
	booktitle={International conference on machine learning},
	pages={2137--2146},
	year={2018},
	organization={PMLR}
}

@inproceedings{fadlullah2011survey,
	title={A survey of game theoretic approaches in smart grid},
	author={Fadlullah, Zubair Md and Nozaki, Yousuke and Takeuchi, Akira and Kato, Nei},
	booktitle={2011 International Conference on Wireless Communications and Signal Processing (WCSP)},
	pages={1--4},
	year={2011},
	organization={IEEE}
}
@article{ma2013scalable,
	title={Scalable solutions of Markov games for smart-grid infrastructure protection},
	author={Ma, Chris YT and Yau, David KY and Rao, Nageswara SV},
	journal={IEEE Transactions on Smart Grid},
	volume={4},
	number={1},
	pages={47--55},
	year={2013},
	publisher={IEEE}
}
@article{zhou2010survey,
	title={A survey of coordinated attacks and collaborative intrusion detection},
	author={Zhou, Chenfeng Vincent and Leckie, Christopher and Karunasekera, Shanika},
	journal={computers \& security},
	volume={29},
	number={1},
	pages={124--140},
	year={2010},
	publisher={Elsevier}
}
@inproceedings{yang2000cards,
	title={CARDS: A distributed system for detecting coordinated attacks},
	author={Yang, Jiahai and Ning, Peng and Wang, X Sean and Jajodia, Sushil},
	booktitle={Information Security for Global Information Infrastructures: IFIP TC11 Sixteenth Annual Working Conference on Information Security August 22--24, 2000, Beijing, China 15},
	pages={171--180},
	year={2000},
	organization={Springer}
}
@inproceedings{sen2021towards,
	title={Towards an approach to contextual detection of multi-stage cyber attacks in smart grids},
	author={Sen, {\"O}mer and van der Velde, Dennis and Wehrmeister, Katharina A and Hacker, Immanuel and Henze, Martin and Andres, Michael},
	booktitle={2021 International Conference on Smart Energy Systems and Technologies (SEST)},
	pages={1--6},
	year={2021},
	organization={IEEE}
}

@article{lai2019tri,
	title={A tri-level optimization model to mitigate coordinated attacks on electric power systems in a cyber-physical environment},
	author={Lai, Kexing and Illindala, Mahesh and Subramaniam, Karthikeyan},
	journal={Applied energy},
	volume={235},
	pages={204--218},
	year={2019},
	publisher={Elsevier}
}
@inproceedings{thomas2022dynamic,
	title={Dynamic defenses and the transferability of adversarial examples},
	author={Thomas, Sam and Koleini, Farnoosh and Tabrizi, Nasseh},
	booktitle={2022 IEEE 4th International Conference on Trust, Privacy and Security in Intelligent Systems, and Applications (TPS-ISA)},
	pages={276--284},
	year={2022},
	organization={IEEE}
}
@inproceedings{moussa2015detection,
	title={A detection and mitigation model for PTP delay attack in a smart grid substation},
	author={Moussa, Bassam and Debbabi, Mourad and Assi, Chadi},
	booktitle={2015 IEEE International Conference on Smart Grid Communications (SmartGridComm)},
	pages={497--502},
	year={2015},
	organization={IEEE}
}
@article{ortega2023review,
	title={A Review of Denial of Service Attack and Mitigation in the Smart Grid Using Reinforcement Learning},
	author={Ortega-Fernandez, Ines and Liberati, Francesco},
	journal={Energies},
	volume={16},
	number={2},
	pages={635},
	year={2023},
	publisher={MDPI}
}
@article{diaba2023proposed,
	title={Proposed algorithm for smart grid DDoS detection based on deep learning},
	author={Diaba, Sayawu Yakubu and Elmusrati, Mohammed},
	journal={Neural Networks},
	volume={159},
	pages={175--184},
	year={2023},
	publisher={Elsevier}
}
@article{ghiasi2023comprehensive,
	title={A comprehensive review of cyber-attacks and defense mechanisms for improving security in smart grid energy systems: Past, present and future},
	author={Ghiasi, Mohammad and Niknam, Taher and Wang, Zhanle and Mehrandezh, Mehran and Dehghani, Moslem and Ghadimi, Noradin},
	journal={Electric Power Systems Research},
	volume={215},
	pages={108975},
	year={2023},
	publisher={Elsevier}
}
@article{chen2022distributed,
	title={Distributed resilient control against denial of service attacks in DC microgrids with constant power load},
	author={Chen, Xia and Zhou, Jianyu and Shi, Mengxuan and Chen, Yin and Wen, Jinyu},
	journal={Renewable and Sustainable Energy Reviews},
	volume={153},
	pages={111792},
	year={2022},
	publisher={Elsevier}
}
@article{bhusal2021detection,
	title={Detection of cyber attacks on voltage regulation in distribution systems using machine learning},
	author={Bhusal, Narayan and Gautam, Mukesh and Benidris, Mohammed},
	journal={IEEE Access},
	volume={9},
	pages={40402--40416},
	year={2021},
	publisher={IEEE}
}
@inproceedings{teixeira2015voltage,
	title={Voltage control for interconnected microgrids under adversarial actions},
	author={Teixeira, Andr{\'e} and Paridari, Kaveh and Sandberg, Henrik and Johansson, Karl H},
	booktitle={2015 IEEE 20th Conference on Emerging Technologies \& Factory Automation (ETFA)},
	pages={1--8},
	year={2015},
	organization={IEEE}
}
@inproceedings{ju2018adversarial,
	title={Adversarial attacks to distributed voltage control in power distribution networks with DERs},
	author={Ju, Peizhong and Lin, Xiaojun},
	booktitle={Proceedings of the Ninth International Conference on Future Energy Systems},
	pages={291--302},
	year={2018}
}
@inproceedings{langer2016analysing,
	title={Analysing cyber-physical attacks to a Smart Grid: A voltage control use case},
	author={Langer, Lucie and Smith, Paul and Hutle, Martin and Schaeffer-Filho, Alberto},
	booktitle={2016 Power Systems Computation Conference (PSCC)},
	pages={1--7},
	year={2016},
	organization={IEEE}
}
@article{liu2020model,
	title={Model-free data authentication for cyber security in power systems},
	author={Liu, Shengyuan and You, Shutang and Yin, He and Lin, Zhenzhi and Liu, Yilu and Yao, Wenxuan and Sundaresh, Lakshmi},
	journal={IEEE Transactions on Smart Grid},
	volume={11},
	number={5},
	pages={4565--4568},
	year={2020},
	publisher={IEEE}
}
@article{jacoba2023cybersecurity,
	title={Cybersecurity of Smart Grids: Attacks and Defenses of the Smart Meters in an Advanced Metering Infrastructure (AMI)},
	author={Jacoba, Gian Lloyd B and Genove, Gerry Paul C},
	journal={Southeast Asian Journal of Science and Technology},
	volume={8},
	number={1},
	pages={74--83},
	year={2023}
}
@article{takiddin2023generalized,
	title={Generalized graph neural network-based detection of false data injection attacks in smart grids},
	author={Takiddin, Abdulrahman and Atat, Rachad and Ismail, Muhammad and Boyaci, Osman and Davis, Katherine R and Serpedin, Erchin},
	journal={IEEE Transactions on Emerging Topics in Computational Intelligence},
	year={2023},
	publisher={IEEE}
}
@inproceedings{haghshenas2023temporal,
	title={A temporal graph neural network for cyber attack detection and localization in smart grids},
	author={Haghshenas, Seyed Hamed and Hasnat, Md Abul and Naeini, Mia},
	booktitle={2023 IEEE Power \& Energy Society Innovative Smart Grid Technologies Conference (ISGT)},
	pages={1--5},
	year={2023},
	organization={IEEE}
}
@incollection{dairi2023semi,
	title={Semi-supervised deep learning-driven anomaly detection schemes for cyber-attack detection in smart grids},
	author={Dairi, Abdelkader and Harrou, Fouzi and Bouyeddou, Benamar and Senouci, Sidi-Mohammed and Sun, Ying},
	booktitle={Power Systems Cybersecurity: Methods, Concepts, and Best Practices},
	pages={265--295},
	year={2023},
	publisher={Springer}
}
@article{li2022semi,
	title={Semi-wtc: A practical semi-supervised framework for attack categorization through weight-task consistency},
	author={Li, Zihan and Chen, Wentao and Wei, Zhiqing and Luo, Xingqi and Su, Bing},
	journal={arXiv preprint arXiv:2205.09669},
	year={2022}
}
@article{rathore2018semi,
	title={Semi-supervised learning based distributed attack detection framework for IoT},
	author={Rathore, Shailendra and Park, Jong Hyuk},
	journal={Applied Soft Computing},
	volume={72},
	pages={79--89},
	year={2018},
	publisher={Elsevier}
}
@article{hazman2023lids,
	title={lIDS-SIoEL: intrusion detection framework for IoT-based smart environments security using ensemble learning},
	author={Hazman, Chaimae and Guezzaz, Azidine and Benkirane, Said and Azrour, Mourade},
	journal={Cluster Computing},
	volume={26},
	number={6},
	pages={4069--4083},
	year={2023},
	publisher={Springer}
}
@article{elgarhy2023clustering,
	title={Clustering and Ensemble Based Approach For Securing Electricity Theft Detectors Against Evasion Attacks},
	author={Elgarhy, Islam and Badr, Mahmoud M and Mahmoud, Mohamed and Fouda, Mostafa M and Alsabaan, Maazen and Kholidy, Hisham A},
	journal={IEEE Access},
	year={2023},
	publisher={IEEE}
}
@article{starke2022cross,
	title={Cross-layered distributed data-driven framework for enhanced smart grid cyber-physical security},
	author={Starke, Allen and Nagaraj, Keerthiraj and Ruben, Cody and Aljohani, Nader and Zou, Sheng and Bretas, Arturo and McNair, Janise and Zare, Alina},
	journal={IET Smart Grid},
	volume={5},
	number={6},
	pages={398--416},
	year={2022},
	publisher={Wiley Online Library}
}
@inproceedings{hu2020adaptive,
	title={Adaptive feature boosting of multi-sourced deep autoencoders for smart grid intrusion detection},
	author={Hu, Chengming and Yan, Jun and Liu, Xue},
	booktitle={2020 IEEE Power \& Energy Society General Meeting (PESGM)},
	pages={1--5},
	year={2020},
	organization={IEEE}
}
@article{el2023electricity,
	title={Electricity Theft Detection Using Deep Reinforcement Learning in Smart Power Grids},
	author={El-Toukhy, Ahmed T and Badr, Mahmoud M and Mahmoud, Mohamed and Srivastava, Gautam and Fouda, Mostafa M and Alsabaan, Maazen},
	journal={IEEE Access},
	year={2023},
	publisher={IEEE}
}
@inproceedings{yu2022fast,
	title={Fast Detection of Advanced Persistent Threats for Smart Grids: A Deep Reinforcement Learning Approach},
	author={Yu, Shi},
	booktitle={ICC 2022-IEEE International Conference on Communications},
	pages={2676--2681},
	year={2022},
	organization={IEEE}
}
@inproceedings{qi2020semi,
	title={Semi-supervised outlier detection and deep feature extraction for detecting cyber-attacks in Smart Grids using PMU data},
	author={Qi, Ruobin and Rasband, Craig and Zheng, Jun and Longoria, Raul},
	booktitle={17th International Conference on Information Technology--New Generations (ITNG 2020)},
	pages={509--515},
	year={2020},
	organization={Sprdiestel2010graphinger}
}

@inproceedings{zhang2020semi,
	title={Semi-supervised domain-adversarial training for intrusion detection against false data injection in the smart grid},
	author={Zhang, Yongxuan and Yan, Jun},
	booktitle={2020 international joint conference on neural networks (IJCNN)},
	pages={1--7},
	year={2020},
	organization={IEEE}
}
@article{silva2020opportunities,
	title={Opportunities and challenges in deep learning adversarial robustness: A survey},
	author={Silva, Samuel Henrique and Najafirad, Peyman},
	journal={arXiv preprint arXiv:2007.00753},
	year={2020}
}
@article{wiyatno2019adversarial,
	title={Adversarial examples in modern machine learning: A review},
	author={Wiyatno, Rey Reza and Xu, Anqi and Dia, Ousmane and De Berker, Archy},
	journal={arXiv preprint arXiv:1911.05268},
	year={2019}
}
@article{pang2018towards,
	title={Towards robust detection of adversarial examples},
	author={Pang, Tianyu and Du, Chao and Dong, Yinpeng and Zhu, Jun},
	journal={Advances in neural information processing systems},
	volume={31},
	year={2018}
}
@article{yuan2019adversarial,
	title={Adversarial examples: Attacks and defenses for deep learning},
	author={Yuan, Xiaoyong and He, Pan and Zhu, Qile and Li, Xiaolin},
	journal={IEEE transactions on neural networks and learning systems},
	volume={30},
	number={9},
	pages={2805--2824},
	year={2019},
	publisher={IEEE}
}
@article{zhang2019adversarial,
	title={Adversarial examples: Opportunities and challenges},
	author={Zhang, Jiliang and Li, Chen},
	journal={IEEE transactions on neural networks and learning systems},
	volume={31},
	number={7},
	pages={2578--2593},
	year={2019},
	publisher={IEEE}
}
@article{ilahi2021challenges,
	title={Challenges and countermeasures for adversarial attacks on deep reinforcement learning},
	author={Ilahi, Inaam and Usama, Muhammad and Qadir, Junaid and Janjua, Muhammad Umar and Al-Fuqaha, Ala and Hoang, Dinh Thai and Niyato, Dusit},
	journal={IEEE Transactions on Artificial Intelligence},
	volume={3},
	number={2},
	pages={90--109},
	year={2021},
	publisher={IEEE}
}

@article{hasan2023review,
	title={Review on cyber-physical and cyber-security system in smart grid: Standards, protocols, constraints, and recommendations},
	author={Hasan, Mohammad Kamrul and Habib, AKM Ahasan and Shukur, Zarina and Ibrahim, Fazil and Islam, Shayla and Razzaque, Md Abdur},
	journal={Journal of Network and Computer Applications},
	volume={209},
	pages={103540},
	year={2023},
	publisher={Elsevier}
}
@article{otuoze2018smart,
	title={Smart grids security challenges: Classification by sources of threats},
	author={Otuoze, Abdulrahaman Okino and Mustafa, Mohd Wazir and Larik, Raja Masood},
	journal={Journal of Electrical Systems and Information Technology},
	volume={5},
	number={3},
	pages={468--483},
	year={2018},
	publisher={Elsevier}
}
@article{peng2019survey,
	title={A survey on security communication and control for smart grids under malicious cyber attacks},
	author={Peng, Chen and Sun, Hongtao and Yang, Mingjin and Wang, Yu-Long},
	journal={IEEE Transactions on Systems, Man, and Cybernetics: Systems},
	volume={49},
	number={8},
	pages={1554--1569},
	year={2019},
	publisher={IEEE}
}
@article{liu2012cyber,
	title={Cyber security and privacy issues in smart grids},
	author={Liu, Jing and Xiao, Yang and Li, Shuhui and Liang, Wei and Chen, CL Philip},
	journal={IEEE Communications surveys \& tutorials},
	volume={14},
	number={4},
	pages={981--997},
	year={2012},
	publisher={IEEE}
}
@inproceedings{nguyen2020cyber,
	title={Cyber security of smart grid: attacks and defenses},
	author={Nguyen, Tu N and Liu, Bing-Hong and Nguyen, Nam P and Chou, Jung-Te},
	booktitle={ICC 2020-2020 IEEE International Conference on Communications (ICC)},
	pages={1--6},
	year={2020},
	organization={IEEE}
}

@article{faquir2021cybersecurity,
	title={Cybersecurity in smart grids, challenges and solutions},
	author={Faquir, Dharmesh and Chouliaras, Nestoras and Sofia, Vlachou and Olga, Kalopoulou and Maglaras, Leandros},
	journal={AIMS Electronics and Electrical Engineering},
	volume={5},
	number={1},
	pages={24--37},
	year={2021},
	publisher={AIMS Press}
}
@article{mololoth2023blockchain,
	title={Blockchain and machine learning for future smart grids: A review},
	author={Mololoth, Vidya Krishnan and Saguna, Saguna and {\AA}hlund, Christer},
	journal={Energies},
	volume={16},
	number={1},
	pages={528},
	year={2023},
	publisher={MDPI}
}

@inproceedings{athalye2018obfuscated,
  title={Obfuscated gradients give a false sense of security: Circumventing defenses to adversarial examples},
  author={Athalye, Anish and Carlini, Nicholas and Wagner, David},
  booktitle={International conference on machine learning},
  pages={274--283},
  year={2018},
  organization={PMLR}
}

@article{jokar2016survey,
	title={A survey on security issues in smart grids},
	author={Jokar, Paria and Arianpoo, Nasim and Leung, Victor CM},
	journal={Security and Communication Networks},
	volume={9},
	number={3},
	pages={262--273},
	year={2016},
	publisher={Wiley Online Library}
}
@article{ren2020adversarial,
  title={Adversarial attacks and defenses in deep learning},
  author={Ren, Kui and Zheng, Tianhang and Qin, Zhan and Liu, Xue},
  journal={Engineering},
  volume={6},
  number={3},
  pages={346--360},
  year={2020},
  publisher={Elsevier}
}

@article{apruzzese2022mitigating,
  title={Mitigating adversarial gray-box attacks against phishing detectors},
  author={Apruzzese, Giovanni and Subrahmanian, VS},
  journal={IEEE Transactions on Dependable and Secure Computing},
  year={2022},
  publisher={IEEE}
}
@article{wang2022gray,
  title={Gray-box shilling attack: an adversarial learning approach},
  author={Wang, Zongwei and Gao, Min and Li, Jundong and Zhang, Junwei and Zhong, Jiang},
  journal={ACM Transactions on Intelligent Systems and Technology (TIST)},
  volume={13},
  number={5},
  pages={1--21},
  year={2022},
  publisher={ACM New York, NY}
}
@article{flowers2019evaluating,
  title={Evaluating adversarial evasion attacks in the context of wireless communications},
  author={Flowers, Bryse and Buehrer, R Michael and Headley, William C},
  journal={IEEE Transactions on Information Forensics and Security},
  volume={15},
  pages={1102--1113},
  year={2019},
  publisher={IEEE}
}
@article{zhang2015adversarial,
  title={Adversarial feature selection against evasion attacks},
  author={Zhang, Fei and Chan, Patrick PK and Biggio, Battista and Yeung, Daniel S and Roli, Fabio},
  journal={IEEE transactions on cybernetics},
  volume={46},
  number={3},
  pages={766--777},
  year={2015},
  publisher={IEEE}
}
@inproceedings{biggio2013evasion,
  title={Evasion attacks against machine learning at test time},
  author={Biggio, Battista and Corona, Igino and Maiorca, Davide and Nelson, Blaine and {\v{S}}rndi{\'c}, Nedim and Laskov, Pavel and Giacinto, Giorgio and Roli, Fabio},
  booktitle={Machine Learning and Knowledge Discovery in Databases: European Conference, ECML PKDD 2013, Prague, Czech Republic, September 23-27, 2013, Proceedings, Part III 13},
  pages={387--402},
  year={2013},
  organization={Springer}
}
@inproceedings{zhou2024investigating,
  title={Investigating White-Box Attacks for On-Device Models},
  author={Zhou, Mingyi and Gao, Xiang and Wu, Jing and Liu, Kui and Sun, Hailong and Li, Li},
  booktitle={Proceedings of the IEEE/ACM 46th International Conference on Software Engineering},
  pages={1--12},
  year={2024}
}

@article{roshan2024untargeted,
  title={Untargeted white-box adversarial attack with heuristic defence methods in real-time deep learning based network intrusion detection system},
  author={Roshan, Khushnaseeb and Zafar, Aasim and Haque, Shiekh Burhan Ul},
  journal={Computer Communications},
  volume={218},
  pages={97--113},
  year={2024},
  publisher={Elsevier}
}
@article{mahbub2024robustness,
  title={Robustness of Workload Forecasting Models in Cloud Data Centers: A White-Box Adversarial Attack Perspective},
  author={Mahbub, Nosin Ibna and Hossain, Md Delowar and Akhter, Sharmen and Hossain, Md Imtiaz and Jeong, Kimoon and Huh, Eui-Nam},
  journal={IEEE Access},
  year={2024},
  publisher={IEEE}
}

@article{jo2024exploring,
  title={Exploring Public Data Vulnerabilities in Semi-Supervised Learning Models through Gray-box Adversarial Attack},
  author={Jo, Junhyung and Kim, Joongsu and Suh, Young-Joo},
  journal={Electronics},
  volume={13},
  number={5},
  pages={940},
  year={2024},
  publisher={Multidisciplinary Digital Publishing Institute}
}

@inproceedings{suya2024sok,
  title={Sok: Pitfalls in evaluating black-box attacks},
  author={Suya, Fnu and Suri, Anshuman and Zhang, Tingwei and Hong, Jingtao and Tian, Yuan and Evans, David},
  booktitle={2024 IEEE Conference on Secure and Trustworthy Machine Learning (SaTML)},
  pages={387--407},
  year={2024},
  organization={IEEE}
}

@article{liu2024boosting,
  title={Boosting Black-box Attack to Deep Neural Networks with Conditional Diffusion Models},
  author={Liu, Renyang and Zhou, Wei and Zhang, Tianwei and Chen, Kangjie and Zhao, Jun and Lam, Kwok-Yan},
  journal={IEEE Transactions on Information Forensics and Security},
  year={2024},
  publisher={IEEE}
}

@article{zuhlke2024adversarial,
  title={Adversarial Robustness of Neural Networks From the Perspective of Lipschitz Calculus: A Survey},
  author={Z{\"u}hlke, Monty-Maximilian and Kudenko, Daniel},
  journal={ACM Computing Surveys},
  year={2024},
  publisher={ACM New York, NY}
}

@article{zhao2024evaluating,
  title={On evaluating adversarial robustness of large vision-language models},
  author={Zhao, Yunqing and Pang, Tianyu and Du, Chao and Yang, Xiao and Li, Chongxuan and Cheung, Ngai-Man Man and Lin, Min},
  journal={Advances in Neural Information Processing Systems},
  volume={36},
  year={2024}
}

@article{shao2024empirical,
  title={An Empirical Evaluation of LLMs for Solving Offensive Security Challenges},
  author={Shao, Minghao and Chen, Boyuan and Jancheska, Sofija and Dolan-Gavitt, Brendan and Garg, Siddharth and Karri, Ramesh and Shafique, Muhammad},
  journal={arXiv preprint arXiv:2402.11814},
  year={2024}
}

@article{zaboli2023chatgpt,
  title={ChatGPT and other Large Language Models for Cybersecurity of Smart Grid Applications},
  author={Zaboli, Aydin and Choi, Seong Lok and Song, Tai-Jin and Hong, Junho},
  journal={arXiv preprint arXiv:2311.05462},
  year={2023}
}

@article{li2024risks,
  title={Risks of Practicing Large Language Models in Smart Grid: Threat Modeling and Validation},
  author={Li, Jiangnan and Yang, Yingyuan and Sun, Jinyuan},
  journal={arXiv preprint arXiv:2405.06237},
  year={2024}
}

@article{hussain2023novel,
  title={A novel hybrid methodology to secure GOOSE messages against cyberattacks in smart grids},
  author={Hussain, Shahbaz and Iqbal, Atif and Hussain, SM Suhail and Zanero, Stefano and Shikfa, Abdullatif and Ragaini, Enrico and Khan, Irfan and Alammari, Rashid},
  journal={Scientific reports},
  volume={13},
  number={1},
  pages={1857},
  year={2023},
  publisher={Nature Publishing Group UK London}
}

@article{gupta2023chatgpt,
  title={From chatgpt to threatgpt: Impact of generative ai in cybersecurity and privacy},
  author={Gupta, Maanak and Akiri, CharanKumar and Aryal, Kshitiz and Parker, Eli and Praharaj, Lopamudra},
  journal={IEEE Access},
  year={2023},
  publisher={IEEE}
}

@article{ten2011anomaly,
  title={Anomaly detection for cybersecurity of the substations},
  author={Ten, Chee-Wooi and Hong, Junho and Liu, Chen-Ching},
  journal={IEEE Transactions on Smart Grid},
  volume={2},
  number={4},
  pages={865--873},
  year={2011},
  publisher={IEEE}
}
@article{khaw2020deep,
  title={A deep learning-based cyberattack detection system for transmission protective relays},
  author={Khaw, Yew Meng and Jahromi, Amir Abiri and Arani, Mohammadreza FM and Sanner, Scott and Kundur, Deepa and Kassouf, Marthe},
  journal={IEEE Transactions on Smart Grid},
  volume={12},
  number={3},
  pages={2554--2565},
  year={2020},
  publisher={IEEE}
}

@article{kang2023exploiting,
  title={Exploiting programmatic behavior of llms: Dual-use through standard security attacks},
  author={Kang, Daniel and Li, Xuechen and Stoica, Ion and Guestrin, Carlos and Zaharia, Matei and Hashimoto, Tatsunori},
  journal={arXiv preprint arXiv:2302.05733},
  year={2023}
}

@article{glukhov2023llm,
  title={Llm censorship: A machine learning challenge or a computer security problem?},
  author={Glukhov, David and Shumailov, Ilia and Gal, Yarin and Papernot, Nicolas and Papyan, Vardan},
  journal={arXiv preprint arXiv:2307.10719},
  year={2023}
}

@article{majdalawieh2006dnpsec,
  title={DNPSec: Distributed network protocol version 3 (DNP3) security framework},
  author={Majdalawieh, Munir and Parisi-Presicce, Francesco and Wijesekera, Duminda},
  journal={Advances in Computer, Information, and Systems Sciences, and Engineering},
  volume={1},
  pages={227--234},
  year={2006},
  publisher={Springer}
}
@article{swales1999open,
  title={Open modbus/tcp specification},
  author={Swales, Andy and others},
  journal={Schneider Electric},
  volume={29},
  number={3},
  pages={19},
  year={1999}
}
@article{standard2014mqtt,
  title={MQTT version 3.1. 1},
  author={Standard, OASIS},
  journal={URL http://docs. oasis-open. org/mqtt/mqtt/v3},
  volume={1},
  pages={29},
  year={2014}
}
@article{strategy2008advanced,
  title={Advanced metering infrastructure},
  author={Strategy, NETL Modern Grid},
  journal={US Department of Energy Office of Electricity and Energy Reliability},
  year={2008}
}
@article{cassel1993distribution,
  title={Distribution management systems: Functions and payback},
  author={Cassel, William R},
  journal={IEEE Transactions on Power Systems},
  volume={8},
  number={3},
  pages={796--801},
  year={1993},
  publisher={IEEE}
}
@article{shirmohammadi1996distribution,
  title={Distribution automation system with real-time analysis tools},
  author={Shirmohammadi, Dariush and Liu, WH Edwin and Lau, Ken C and Hong, H Wayne},
  journal={IEEE Computer Applications in Power},
  volume={9},
  number={2},
  pages={31--35},
  year={1996},
  publisher={IEEE}
}
@article{wilson1994pmus,
  title={PMUs [phasor measurement unit]},
  author={Wilson, Robert E},
  journal={IEEE Potentials},
  volume={13},
  number={2},
  pages={26--28},
  year={1994},
  publisher={IEEE}
}
@article{tavora1979remote,
  title={The Remote Link Unit---An Advanced Remote Terminal Concept},
  author={Tavora, Carlos J},
  journal={IEEE Transactions on Industrial Electronics and Control Instrumentation},
  number={3},
  pages={151--155},
  year={1979},
  publisher={IEEE}
}
@article{gaushell1987supervisory,
  title={Supervisory control and data acquisition},
  author={Gaushell, Dennis J and Darlington, Henry T},
  journal={Proceedings of the IEEE},
  volume={75},
  number={12},
  pages={1645--1658},
  year={1987},
  publisher={IEEE}
}
@techreport{mittelstadt1996doe,
  title={The DOE wide area measurement system (WAMS) project: Demonstration of dynamic information technology for the future power system},
  author={Mittelstadt, WA and Krause, PE and Wilson, RE and Overholt, PN and Sobajic, DJ and Hauer, JF and Rizy, DT},
  year={1996},
  institution={USDOE Bonneville Power Administration, Portland, OR (United States)}
}
@inproceedings{lasseter2004microgrid,
  title={Microgrid: A conceptual solution},
  author={Lasseter, Robert H and Paigi, Paolo},
  booktitle={2004 IEEE 35th annual power electronics specialists conference (IEEE Cat. No. 04CH37551)},
  volume={6},
  pages={4285--4290},
  year={2004},
  organization={IEEE}
}
@article{ribeiro2001energy,
  title={Energy storage systems for advanced power applications},
  author={Ribeiro, Paulo Fernando and Johnson, Brian K and Crow, Mariesa L and Arsoy, Aysen and Liu, Yilu},
  journal={Proceedings of the IEEE},
  volume={89},
  number={12},
  pages={1744--1756},
  year={2001},
  publisher={IEEE}
}
@article{akorede2010distributed,
  title={Distributed energy resources and benefits to the environment},
  author={Akorede, Mudathir Funsho and Hizam, Hashim and Pouresmaeil, Edris},
  journal={Renewable and sustainable energy reviews},
  volume={14},
  number={2},
  pages={724--734},
  year={2010},
  publisher={Elsevier}
}
@inproceedings{zhang2012demand,
  title={Demand response in electricity markets: A review},
  author={Zhang, Qin and Li, Juan},
  booktitle={2012 9th international conference on the European Energy market},
  pages={1--8},
  year={2012},
  organization={IEEE}
}
@article{zhang2019consensus,
  title={Consensus mechanisms and information security technologies},
  author={Zhang, Peng and Schmidt, Douglas C and White, Jules and Dubey, Abhishek},
  journal={Advances in Computers},
  volume={115},
  pages={181--209},
  year={2019},
  publisher={Elsevier}
}
@article{zhu2021survey,
  title={A survey of defensive deception: Approaches using game theory and machine learning},
  author={Zhu, Mu and Anwar, Ahmed H and Wan, Zelin and Cho, Jin-Hee and Kamhoua, Charles A and Singh, Munindar P},
  journal={IEEE Communications Surveys \& Tutorials},
  volume={23},
  number={4},
  pages={2460--2493},
  year={2021},
  publisher={IEEE}
}
@article{zhou2019survey,
  title={A survey of game theoretic approach for adversarial machine learning},
  author={Zhou, Yan and Kantarcioglu, Murat and Xi, Bowei},
  journal={Wiley Interdisciplinary Reviews: Data Mining and Knowledge Discovery},
  volume={9},
  number={3},
  pages={e1259},
  year={2019},
  publisher={Wiley Online Library}
}
@article{dasgupta2019survey,
  title={A survey of game theoretic approaches for adversarial machine learning in cybersecurity tasks},
  author={Dasgupta, Prithviraj and Collins, Joseph},
  journal={AI Magazine},
  volume={40},
  number={2},
  pages={31--43},
  year={2019}
}
@article{kayan2022cybersecurity,
  title={Cybersecurity of industrial cyber-physical systems: A review},
  author={Kayan, Hakan and Nunes, Matthew and Rana, Omer and Burnap, Pete and Perera, Charith},
  journal={ACM Computing Surveys (CSUR)},
  volume={54},
  number={11s},
  pages={1--35},
  year={2022},
  publisher={ACM New York, NY}
}

@article{lakshminarayana2021moving,
  title={Moving-target defense against cyber-physical attacks in power grids via game theory},
  author={Lakshminarayana, Subhash and Belmega, E Veronica and Poor, H Vincent},
  journal={IEEE Transactions on Smart Grid},
  volume={12},
  number={6},
  pages={5244--5257},
  year={2021},
  publisher={IEEE}
}
@article{zhang2022preventing,
  title={Preventing false data injection attacks in LFC system via the attack-detection evolutionary game model and KF algorithm},
  author={Zhang, Zhixun and Hu, Jianqiang and Lu, Jianquan and Cao, Jinde and Alsaadi, Fawaz E},
  journal={IEEE Transactions on Network Science and Engineering},
  volume={9},
  number={6},
  pages={4349--4362},
  year={2022},
  publisher={IEEE}
}
@article{abou2022federated,
  title={When federated learning meets game theory: A cooperative framework to secure iiot applications on edge computing},
  author={Abou El Houda, Zakaria and Brik, Bouziane and Ksentini, Adlen and Khoukhi, Lyes and Guizani, Mohsen},
  journal={IEEE Transactions on Industrial Informatics},
  volume={18},
  number={11},
  pages={7988--7997},
  year={2022},
  publisher={IEEE}
}
@article{wu2018game,
  title={Game theoretical security detection strategy for networked systems},
  author={Wu, Hao and Wang, Wei and Wen, Changyun and Li, Zhengguo},
  journal={Information Sciences},
  volume={453},
  pages={346--363},
  year={2018},
  publisher={Elsevier}
}
@article{rass2017defending,
  title={Defending against advanced persistent threats using game-theory},
  author={Rass, Stefan and K{\"o}nig, Sandra and Schauer, Stefan},
  journal={PloS one},
  volume={12},
  number={1},
  pages={e0168675},
  year={2017},
  publisher={Public Library of Science San Francisco, CA USA}
}
@article{de2017game,
  title={A game theoretical based system using holt-winters and genetic algorithm with fuzzy logic for DoS/DDoS mitigation on SDN networks},
  author={De Assis, Marcos VO and Hamamoto, Anderson H and Abr{\~a}o, Taufik and Proen{\c{c}}a, Mario Lemes},
  journal={IEEE Access},
  volume={5},
  pages={9485--9496},
  year={2017},
  publisher={IEEE}
}
@inproceedings{chung2016game,
  title={Game theory with learning for cyber security monitoring},
  author={Chung, Keywhan and Kamhoua, Charles A and Kwiat, Kevin A and Kalbarczyk, Zbigniew T and Iyer, Ravishankar K},
  booktitle={2016 IEEE 17th International Symposium on High Assurance Systems Engineering (HASE)},
  pages={1--8},
  year={2016},
  organization={IEEE}
}
@article{xiao2018attacker,
  title={Attacker-centric view of a detection game against advanced persistent threats},
  author={Xiao, Liang and Xu, Dongjin and Mandayam, Narayan B and Poor, H Vincent},
  journal={IEEE transactions on mobile computing},
  volume={17},
  number={11},
  pages={2512--2523},
  year={2018},
  publisher={IEEE}
}

@article{doostmohammadian2021distributed,
  title={Distributed detection and mitigation of biasing attacks over multi-agent networks},
  author={Doostmohammadian, Mohammadreza and Zarrabi, Houman and Rabiee, Hamid R and Khan, Usman A and Charalambous, Themistoklis},
  journal={IEEE Transactions on Network Science and Engineering},
  volume={8},
  number={4},
  pages={3465--3477},
  year={2021},
  publisher={IEEE}
}
@article{durkota2019hardening,
  title={Hardening networks against strategic attackers using attack graph games},
  author={Durkota, Karel and Lis{\`y}, Viliam and Bo{\v{s}}ansk{\`y}, Branislav and Kiekintveld, Christopher and P{\v{e}}chou{\v{c}}ek, Michal},
  journal={Computers \& Security},
  volume={87},
  pages={101578},
  year={2019},
  publisher={Elsevier}
}
@article{cao2021detecting,
  title={Detecting and mitigating DDoS attacks in SDN using spatial-temporal graph convolutional network},
  author={Cao, Yongyi and Jiang, Hao and Deng, Yuchuan and Wu, Jing and Zhou, Pan and Luo, Wei},
  journal={IEEE Transactions on Dependable and Secure Computing},
  volume={19},
  number={6},
  pages={3855--3872},
  year={2021},
  publisher={IEEE}
}
@inproceedings{purvine2016graph,
  title={A graph-based impact metric for mitigating lateral movement cyber attacks},
  author={Purvine, Emilie and Johnson, John R and Lo, Chaomei},
  booktitle={Proceedings of the 2016 ACM Workshop on Automated Decision Making for Active Cyber Defense},
  pages={45--52},
  year={2016}
}
@inproceedings{gelenbe2020iot,
  title={IoT network attack detection and mitigation},
  author={Gelenbe, Erol and Fr{\"o}hlich, Piotr and Nowak, Mateusz and Papadopoulos, Stavros and Protogerou, Aikaterini and Drosou, Anastasios and Tzovaras, Dimitrios},
  booktitle={2020 9th Mediterranean Conference on Embedded Computing (MECO)},
  pages={1--6},
  year={2020},
  organization={IEEE}
}

@inproceedings{rodrigues2019evaluating,
  title={Evaluating a blockchain-based cooperative defense},
  author={Rodrigues, Bruno and Eisenring, Lukas and Scheid, Eder and Bocek, Thomas and Stiller, Burkhard},
  booktitle={2019 IFIP/IEEE Symposium on Integrated Network and Service Management (IM)},
  pages={533--538},
  year={2019},
  organization={IEEE}
}
@inproceedings{kolokotronis2019blockchain,
  title={On blockchain architectures for trust-based collaborative intrusion detection},
  author={Kolokotronis, Nicholas and Brotsis, Sotirios and Germanos, Georgios and Vassilakis, Costas and Shiaeles, Stavros},
  booktitle={2019 IEEE world congress on services (SERVICES)},
  volume={2642},
  pages={21--28},
  year={2019},
  organization={IEEE}
}
@article{sivaganesan2021data,
  title={A data driven trust mechanism based on blockchain in IoT sensor networks for detection and mitigation of attacks},
  author={Sivaganesan, D},
  journal={Journal of trends in Computer Science and Smart technology (TCSST)},
  volume={3},
  number={01},
  pages={59--69},
  year={2021}
}
@article{ghiasi2021cyber,
  title={Cyber-attack detection and cyber-security enhancement in smart DC-microgrid based on blockchain technology and Hilbert Huang transform},
  author={Ghiasi, Mohammad and Dehghani, Moslem and Niknam, Taher and Kavousi-Fard, Abdollah and Siano, Pierluigi and Alhelou, Hassan Haes},
  journal={Ieee Access},
  volume={9},
  pages={29429--29440},
  year={2021},
  publisher={IEEE}
}

@inproceedings{rashvand2024distributed,
  title={Distributed learning for automatic modulation recognition in bandwidth-limited networks},
  author={Rashvand, Narges and Witham, Kenneth and Maldonado, Gabriel and Katariya, Vinit and Sultan, Aly and Schirner, Gunar and Tabkhi, Hamed},
  booktitle={Signal Processing, Sensor/Information Fusion, and Target Recognition XXXIII},
  volume={13057},
  pages={345--357},
  year={2024},
  organization={SPIE}
}
@inproceedings{besati2023new,
  title={A New Flexible Modified Impedance Network Converter},
  author={Besati, Shirin and Essakiappan, Somasundaram and Manjrekar, Madhav},
  booktitle={2023 IEEE Transportation Electrification Conference \& Expo (ITEC)},
  pages={1--5},
  year={2023},
  organization={IEEE}
}
@article{gholami2023federated,
  title={Federated learning for diagnosis of age-related macular degeneration},
  author={Gholami, Sina and Lim, Jennifer I and Leng, Theodore and Ong, Sally Shin Yee and Thompson, Atalie Carina and Alam, Minhaj Nur},
  journal={Frontiers in Medicine},
  volume={10},
  year={2023},
  publisher={Frontiers Media SA}
}
@article{bani2018reliability,
  title={Reliability analysis of a decentralized microgrid control architecture},
  author={Bani-Ahmed, Abedalsalam and Rashidi, Mohammad and Nasiri, Adel and Hosseini, Hossein},
  journal={IEEE Transactions on Smart Grid},
  volume={10},
  number={4},
  pages={3910--3918},
  year={2018},
  publisher={IEEE}
}
@inproceedings{torres2022icad,
  title={iCAD: Information-centric network architecture for DDoS protection in the smart grid},
  author={Torres, George and Shrestha, Sharad and Misra, Satyajayant},
  booktitle={2022 IEEE International Conference on Communications, Control, and Computing Technologies for Smart Grids (SmartGridComm)},
  pages={154--159},
  year={2022},
  organization={IEEE}
}
@article{achiam2023gpt,
  title={Gpt-4 technical report},
  author={Achiam, Josh and Adler, Steven and Agarwal, Sandhini and Ahmad, Lama and Akkaya, Ilge and Aleman, Florencia Leoni and Almeida, Diogo and Altenschmidt, Janko and Altman, Sam and Anadkat, Shyamal and others},
  journal={arXiv preprint arXiv:2303.08774},
  year={2023}
}
@article{reid2024gemini,
  title={Gemini 1.5: Unlocking multimodal understanding across millions of tokens of context},
  author={Reid, Machel and Savinov, Nikolay and Teplyashin, Denis and Lepikhin, Dmitry and Lillicrap, Timothy and Alayrac, Jean-baptiste and Soricut, Radu and Lazaridou, Angeliki and Firat, Orhan and Schrittwieser, Julian and others},
  journal={arXiv preprint arXiv:2403.05530},
  year={2024}
}
@inproceedings{guastalla2023application,
  title={Application of Large Language Models to DDoS Attack Detection},
  author={Guastalla, Michael and Li, Yiyi and Hekmati, Arvin and Krishnamachari, Bhaskar},
  booktitle={International Conference on Security and Privacy in Cyber-Physical Systems and Smart Vehicles},
  pages={83--99},
  year={2023},
  organization={Springer}
}
@article{yao2022react,
  title={React: Synergizing reasoning and acting in language models},
  author={Yao, Shunyu and Zhao, Jeffrey and Yu, Dian and Du, Nan and Shafran, Izhak and Narasimhan, Karthik and Cao, Yuan},
  journal={arXiv preprint arXiv:2210.03629},
  year={2022}
}
@article{carlini2022quantifying,
  title={Quantifying memorization across neural language models},
  author={Carlini, Nicholas and Ippolito, Daphne and Jagielski, Matthew and Lee, Katherine and Tramer, Florian and Zhang, Chiyuan},
  journal={arXiv preprint arXiv:2202.07646},
  year={2022}
}
@article{biderman2024emergent,
  title={Emergent and predictable memorization in large language models},
  author={Biderman, Stella and PRASHANTH, USVSN and Sutawika, Lintang and Schoelkopf, Hailey and Anthony, Quentin and Purohit, Shivanshu and Raff, Edward},
  journal={Advances in Neural Information Processing Systems},
  volume={36},
  year={2024}
}
@article{brown2020language,
  title={Language models are few-shot learners},
  author={Brown, Tom and Mann, Benjamin and Ryder, Nick and Subbiah, Melanie and Kaplan, Jared D and Dhariwal, Prafulla and Neelakantan, Arvind and Shyam, Pranav and Sastry, Girish and Askell, Amanda and others},
  journal={Advances in neural information processing systems},
  volume={33},
  pages={1877--1901},
  year={2020}
}
@article{mashima2024cybersecurity,
  title={Cybersecurity for Modern Smart Grid Against Emerging Threats},
  author={Mashima, Daisuke and Chen, Yao and Roomi, Muhammad M and Lakshminarayana, Subhash and Chen, Deming},
  journal={arXiv preprint arXiv:2404.04466},
  year={2024}
}
