@article{Sharma2017Agent,
	author = {Sharma, Desh Deepak and Singh, S. N. and Lin, Jeremy and Foruzan, Elham},
	journal = {IEEE Journal on Emerging and Selected Topics in Circuits and Systems},
	doi = {10.1109/jetcas.2017.2700947},
	issn = {2156-3357},
	number = {2},
	year = {2017},
	month = {6},
	pages = {307--318},
	publisher = {{Institute of Electrical and Electronics Engineers (IEEE)}},
	title = {Agent-{Based} {Distributed} {Control} {Schemes} for {Distributed} {Energy} {Storage} {Systems} {Under} {Cyber} {Attacks}},
	url = {http://dx.doi.org/10.1109/JETCAS.2017.2700947},
	volume = {7},
}


@article{Nguyen2012Agent,
	author = {Nguyen, Cuong P. and Flueck, Alexander J.},
	journal = {IEEE Transactions on Smart Grid},
	doi = {10.1109/tsg.2012.2186833},
	issn = {1949-3053},
	number = {2},
	year = {2012},
	month = {6},
	pages = {1029--1038},
	publisher = {{Institute of Electrical and Electronics Engineers (IEEE)}},
	title = {Agent {Based} {Restoration} {With} {Distributed} {Energy} {Storage} {Support} in {Smart} {Grids}},
	url = {http://dx.doi.org/10.1109/TSG.2012.2186833},
	volume = {3},
}


@misc{Moheuddin2009reconfigurable,
	author = {Moheuddin, Summiya},
	doi = {10.33915/etd.3026},
	year = {2009},
	school = {West Virginia University Libraries},
	title = {A reconfigurable distributed multiagent system optimized for scalability},
	type = {Doctoral dissertation},
	url = {http://dx.doi.org/10.33915/etd.3026},
}


@inproceedings{Garcia2010intelligent,
	author = {Garcia, Alvaro Paricio and Oliver, Juan and Gosch, David},
	booktitle = {IEEE {Local} {Computer} {Network} {Conference}},
	doi = {10.1109/lcn.2010.5735673},
	year = {2010},
	month = {10},
	pages = {1013--1018},
	organization = {IEEE},
	title = {An intelligent agent-based distributed architecture for {Smart}-{Grid} integrated network management},
	url = {http://dx.doi.org/10.1109/LCN.2010.5735673},
}


@article{Charbonnier2022Scalable,
	author = {Charbonnier, Flora and Morstyn, Thomas and McCulloch, Malcolm D.},
	journal = {Applied Energy},
	doi = {10.1016/j.apenergy.2022.118825},
	issn = {0306-2619},
	year = {2022},
	month = {5},
	pages = {118825},
	publisher = {Elsevier BV},
	title = {Scalable multi-agent reinforcement learning for distributed control of residential energy flexibility},
	url = {http://dx.doi.org/10.1016/j.apenergy.2022.118825},
	volume = {314},
}


@inproceedings{Schmutzler2011Management,
	author = {Schmutzler, Jens and Groning, Sven and Wietfeld, Christian},
	booktitle = {2011 {IEEE} {International} {Conference} on {Smart} {Grid} {Communications} ({SmartGridComm})},
	doi = {10.1109/smartgridcomm.2011.6102339},
	year = {2011},
	month = {10},
	pages = {315--320},
	organization = {IEEE},
	title = {Management of {Distributed} {Energy} {Resources} in {IEC} 61850 using {Web} {Services} on devices},
	url = {http://dx.doi.org/10.1109/SmartGridComm.2011.6102339},
}


@inbook{Sun2011Micro,
	author = {Sun, Hongbin and Ye, Xue},
	booktitle = {Communications in {Computer} and {Information} {Science}},
	doi = {10.1007/978-3-642-23235-0_73},
	isbn = {9783642232343},
	issn = {1865-0929},
	year = {2011},
	pages = {573--580},
	publisher = {Springer Berlin Heidelberg},
	title = {A {Micro}-{Grid} {Communication} {Mechanism} in {Distributed} {Power} {System}},
	url = {http://dx.doi.org/10.1007/978-3-642-23235-0_73},
}


@article{Nazari2020Communication,
	author = {Nazari, Masoud H. and Wang, Le Yi and Grijalva, Santiago and Egerstedt, Magnus},
	journal = {IEEE Transactions on Power Systems},
	doi = {10.1109/tpwrs.2020.2968581},
	issn = {0885-8950},
	number = {4},
	year = {2020},
	month = {7},
	pages = {3192--3202},
	publisher = {{Institute of Electrical and Electronics Engineers (IEEE)}},
	title = {Communication-{Failure}-{Resilient} {Distributed} {Frequency} {Control} in {Smart} {Grids}: Part {II}: Algorithmic {Implementation} and {System} {Simulations}},
	url = {http://dx.doi.org/10.1109/TPWRS.2020.2968581},
	volume = {35},
}


@article{Charbonnier2023Centralised,
	author = {Charbonnier, Flora and Peng, Bei and Morstyn, Thomas and McCulloch, Malcolm},
	journal = {Applied Energy},
	doi = {10.48550/ARXIV.2305.18875},
	year = {2023},
	publisher = {arXiv},
	title = {Centralised rehearsal of decentralised cooperation: Multi-agent reinforcement learning for the scalable coordination of residential energy flexibility},
	url = {https://arxiv.org/abs/2305.18875},
}


@article{Sampaio2020multi,
	author = {Sampaio, Felipe C. and Le{\~ a}o, Ruth P.S. and Sampaio, Raimundo F. and Melo, Lucas S. and Barroso, Giovanni C.},
	journal = {Electric Power Systems Research},
	doi = {10.1016/j.epsr.2020.106525},
	issn = {0378-7796},
	year = {2020},
	month = {11},
	pages = {106525},
	publisher = {Elsevier BV},
	title = {A multi-agent-based integrated self-healing and adaptive protection system for power distribution systems with distributed generation},
	url = {http://dx.doi.org/10.1016/j.epsr.2020.106525},
	volume = {188},
}


@article{Yang2021multiagent,
	author = {Yang, Lun and Xu, Yinliang and Sun, Hongbin and Chow, Moyuen and Zhou, Jianguo},
	journal = {International Journal of Electrical Power \&amp; Energy Systems},
	doi = {10.1016/j.ijepes.2020.106314},
	issn = {0142-0615},
	year = {2021},
	month = {1},
	pages = {106314},
	publisher = {Elsevier BV},
	title = {A multiagent system based optimal load restoration strategy in distribution systems},
	url = {http://dx.doi.org/10.1016/j.ijepes.2020.106314},
	volume = {124},
}


@article{Al2021multi,
	author = {Al-Hinai, Amer and Haes Alhelou, Hassan},
	journal = {Energy Reports},
	doi = {10.1016/j.egyr.2021.08.186},
	issn = {2352-4847},
	year = {2021},
	month = {11},
	pages = {8083--8090},
	publisher = {Elsevier BV},
	title = {A multi-agent system for distribution network restoration in future smart grids},
	url = {http://dx.doi.org/10.1016/j.egyr.2021.08.186},
	volume = {7},
}


@techreport{Ding2022Federated,
	author = {Ding, Fei and Liu, Weijia and MacDonald, Jason and Ogle, James and Pratt, Annabelle and Saha, Avijit and Hagerman, Joe and Baggu, Murali},
	doi = {10.2172/1839591},
	year = {2022},
	month = {jan 6},
	institution = {{Office of Scientific and Technical Information (OSTI)}},
	title = {Federated {Architecture} for {Secure} and {Transactive} {Distributed} {Energy} {Resource} {Management} {Solutions} ({FAST}-{DERMS})},
	url = {http://dx.doi.org/10.2172/1839591},
}


@techreport{Bhattacharya2019Incentive,
	author = {Bhattacharya, Arnab and Hansen, Jacob and Kalsi, Karan and Lian, Jianming and Nandanoori, Sai and Reeve, Hayden and Adetola, Veronica and Lin, F. and Leichtman, T. and Gourisetti, Sri and Hofer, William and Kundu, Soumya and Marinovici, Laurentiu and Niddodi, Shwetha and Vrabie, Draguna and Chiodo, M. and Yuan, S. and Wright, D.},
	doi = {10.2172/1559894},
	year = {2019},
	month = {may 31},
	institution = {{Office of Scientific and Technical Information (OSTI)}},
	title = {Incentive-{Based} {Control} and {Coordination} of {Distributed} {Energy} {Resources}},
	url = {http://dx.doi.org/10.2172/1559894},
}


@article{R2011Dynamic,
	author = {R., Mihailescu and Matteo, Vasirani and Sascha, Ossowski},
	year = {2011},
	title = {Dynamic coalition formation and adaptation for virtual power stations in smart grids},
}


@article{Abdelhamid2022Multi,
	author = {Abdelhamid, Ahmed Maged and Zakzouk, Nahla E. and El Safty, Samah},
	journal = {Mathematics},
	doi = {10.3390/math10132275},
	issn = {2227-7390},
	number = {13},
	year = {2022},
	month = {jun 29},
	pages = {2275},
	publisher = {MDPI AG},
	title = {A {Multi}-{Agent} {Approach} for {Self}-{Healing} and {RES}-{Penetration} in {Smart} {Distribution} {Networks}},
	url = {http://dx.doi.org/10.3390/math10132275},
	volume = {10},
}


@inproceedings{Peskar2024Adaptive,
	author = {Peskar, Jarrett and Priddy, Braden and Sado, Kerry and Downey, Austin R. J. and Booth, Kristen and Khan, Jamil},
	booktitle = {Volume 3A: 50th {Design} {Automation} {Conference} ({DAC})},
	doi = {10.1115/detc2024-143181},
	year = {2024},
	month = {aug 25},
	organization = {American Society of Mechanical Engineers},
	title = {Adaptive {Agent}-{Based} {Control} for {Lithium}-{Ion} {Batteries} in {Naval} {Microgrids}},
	url = {http://dx.doi.org/10.1115/detc2024-143181},
}


@article{Sharma2024GridAPPS,
	author = {Sharma, Poorva and Reiman, Andrew P. and Anderson, Alexander A. and Poudel, Shiva and Allwardt, Craig H. and Fisher, Andrew R. and Slay, Tylor E. and Mukherjee, Monish and Dubey, Anamika and Ogle, James P. and Melton, Ronald B.},
	journal = {IEEE Access},
	doi = {10.1109/access.2024.3374331},
	issn = {2169-3536},
	year = {2024},
	pages = {39862--39875},
	publisher = {{Institute of Electrical and Electronics Engineers (IEEE)}},
	title = {GridAPPS-{D} {Distributed} {App} {Architecture} and {API} for {Modular} and {Distributed} {Grid} {Operations}},
	url = {http://dx.doi.org/10.1109/ACCESS.2024.3374331},
	volume = {12},
}


@article{Das2024Approximate,
	author = {Das, Avijit and Wu, Di and Bhatti, Bilal Ahmad and Kamaludeen, Mohamed},
	journal = {IEEE Transactions on Sustainable Energy},
	doi = {10.1109/tste.2024.3361674},
	issn = {1949-3029},
	number = {3},
	year = {2024},
	month = {7},
	pages = {1614--1626},
	publisher = {{Institute of Electrical and Electronics Engineers (IEEE)}},
	title = {Approximate {Dynamic} {Programming} {With} {Enhanced} {Off}-{Policy} {Learning} for {Coordinating} {Distributed} {Energy} {Resources}},
	url = {http://dx.doi.org/10.1109/TSTE.2024.3361674},
	volume = {15},
}


@article{Jane2020Adaptive,
	author = {Jane, Robert S and Goldsmith, Steven Y and Parker, Gordon G and Weaver, Wayne W and Rizzo, Denise M},
	journal = {The Journal of Defense Modeling and Simulation: Applications, Methodology, Technology},
	doi = {10.1177/1548512920904785},
	issn = {1548-5129},
	number = {4},
	year = {2020},
	month = {mar 6},
	pages = {375--394},
	publisher = {SAGE Publications},
	title = {Adaptive leader election for control of tactical microgrids},
	url = {http://dx.doi.org/10.1177/1548512920904785},
	volume = {18},
}


@inproceedings{Mohammed2017Keynote,
	author = {Mohammed, Osama A.},
	booktitle = {2017 {Nineteenth} {International} {Middle} {East} {Power} {Systems} {Conference} ({MEPCON})},
	doi = {10.1109/mepcon.2017.8301150},
	year = {2017},
	month = {12},
	pages = {xxvii--xxx},
	organization = {IEEE},
	title = {Keynote lecture {III}: Energy cyber physical systems and their communication and control challenges for operational security in power systems},
	url = {http://dx.doi.org/10.1109/MEPCON.2017.8301150},
}


@misc{ZhangMulti,
	author = {Zhang, Qianzhi},
	doi = {10.31274/td-20240329-526},
	school = {Iowa State University},
	title = {Multi-agent optimization and learning methods for sustainable, smart and resilient power distribution systems and microgrids},
	type = {Doctoral dissertation},
	url = {http://dx.doi.org/10.31274/td-20240329-526},
}


@article{Jinshou2019Modeling,
	author = {Jinshou, Wei},
	year = {2019},
	title = {Modeling and {Coordination} of interconnected microgrids using distributed artificial intelligence approaches. ({Mod}{\' e}lisation et coordination de micro-r{\' e}seau interconnect{\' e}es en utilisant l'intelligence artificielle distribu{\' e}e)},
}


@techreport{Asgeirsson2007Advanced,
	author = {Asgeirsson, Haukur and Seguin, Richard and Sherding, Cameron and de Bruet, Andre, G. and Broadwater, Robert and Dilek, Murat},
	doi = {10.2172/897118},
	year = {2007},
	month = {jan 10},
	institution = {{Office of Scientific and Technical Information (OSTI)}},
	title = {Advanced {Communication} and {Control} {Solutions} of {Distributed} {Energy} {Resources} ({DER})},
	url = {http://dx.doi.org/10.2172/897118},
}


@misc{Chouhan2017Multi,
	author = {Chouhan, Sridhar},
	doi = {10.33915/etd.5363},
	year = {2017},
	school = {West Virginia University Libraries},
	title = {A {Multi}-{Agent} {Design} for {Smart} {Distribution} {Automation} {System} with {Distributed} {Energy} {Resources} and {Microgrids}},
	type = {Doctoral dissertation},
	url = {http://dx.doi.org/10.33915/etd.5363},
}

