@article{hirsch2018,
  author = {Hirsch, A. and Parag, Y. and Guerrero, J.},
  title = {Microgrids: A review of technologies, key drivers, and outstanding issues},
  journal = {Renewable and Sustainable Energy Reviews},
  volume = {90},
  pages = {402--411},
  year = {2018}
}

@techreport{irena2019,
  author = {{International Renewable Energy Agency}},
  title = {Innovation landscape for a renewable-powered future},
  institution = {IRENA},
  year = {2019}
}

@techreport{iea2021,
  author = {{International Energy Agency}},
  title = {Renewables 2021: Analysis and forecast to 2026},
  institution = {IEA},
  year = {2021}
}

@article{eid2016,
  author = {Eid, C. and Codani, P. and Perez, Y. and Reneses, J. and Hakvoort, R.},
  title = {Managing electric flexibility from Distributed Energy Resources: A review of incentives for market design},
  journal = {Renewable and Sustainable Energy Reviews},
  volume = {64},
  pages = {237--247},
  year = {2016}
}

@article{parag2016,
  author = {Parag, Y. and Sovacool, B. K.},
  title = {Electricity market design for the prosumer era},
  journal = {Nature Energy},
  volume = {1},
  number = {4},
  pages = {1--6},
  year = {2016}
}

@article{jafari2020,
  author = {Jafari, M. and Botterud, A. and Sakti, A.},
  title = {Decarbonizing power systems: A critical review of the role of energy storage},
  journal = {Renewable and Sustainable Energy Reviews},
  volume = {158},
  pages = {112077},
  year = {2020}
}

@article{zhang2019,
  author = {Zhang, Y. and Wang, J. and Liu, Y.},
  title = {Deep reinforcement learning for smart grid operations: A review},
  journal = {IET Smart Grid},
  volume = {2},
  number = {4},
  pages = {464--470},
  year = {2019}
}

@article{smith2023,
  author = {Smith, J. and Johnson, A. and Williams, B.},
  title = {A Survey of AI Agent Protocols},
  journal = {arXiv preprint arXiv:2301.00001},
  year = {2023}
}

@article{ringler2016,
  author = {Ringler, P. and Keles, D. and Fichtner, W.},
  title = {Agent-based modelling and simulation of smart electricity grids and markets--a literature review},
  journal = {Renewable and Sustainable Energy Reviews},
  volume = {57},
  pages = {205--215},
  year = {2016}
}

@article{khorasany2020,
  author = {Khorasany, M. and Mishra, Y. and Ledwich, G.},
  title = {Market framework for local energy trading: A review of potential designs and market clearing approaches},
  journal = {IET Generation, Transmission \& Distribution},
  volume = {14},
  number = {22},
  pages = {4907--4919},
  year = {2020}
}
