@inproceedings{Cintuglu2015intelligent,
	author = {Cintuglu, Mehmet H. and Martin, Harold and Mohammed, Osama A.},
	booktitle = {2015 18th {International} {Conference} on {Intelligent} {System} {Application} to {Power} {Systems} ({ISAP})},
	doi = {10.1109/isap.2015.7325527},
	year = {2015},
	month = {9},
	pages = {1--6},
	organization = {IEEE},
	title = {An intelligent multi agent framework for active distribution networks based on {IEC} 61850 and {FIPA} standards},
	url = {http://dx.doi.org/10.1109/ISAP.2015.7325527},
}


@inproceedings{Logenthiran2008Multi,
	author = {Logenthiran, T. and Srinivasan, Dipti and Wong, David},
	booktitle = {2008 {IEEE} {International} {Conference} on {Sustainable} {Energy} {Technologies}},
	doi = {10.1109/icset.2008.4746976},
	year = {2008},
	month = {11},
	pages = {77--82},
	organization = {IEEE},
	title = {Multi-agent coordination for {DER} in {MicroGrid}},
	url = {http://dx.doi.org/10.1109/ICSET.2008.4746976},
}


@article{Sampath2022Peer,
	author = {Sampath, Lahanda Purage Mohasha Isuru and Paudel, Amrit and Nguyen, Hung D. and Foo, Eddy Y. S. and Gooi, Hoay Beng},
	journal = {IEEE Transactions on Smart Grid},
	doi = {10.1109/tsg.2021.3110889},
	issn = {1949-3053},
	number = {1},
	year = {2022},
	month = {1},
	pages = {654--666},
	publisher = {{Institute of Electrical and Electronics Engineers (IEEE)}},
	title = {Peer-to-{Peer} {Energy} {Trading} {Enabled} {Optimal} {Decentralized} {Operation} of {Smart} {Distribution} {Grids}},
	url = {http://dx.doi.org/10.1109/tsg.2021.3110889},
	volume = {13},
}


@book{Shaun2017eWork,
	author = {Shaun, K. Howell and Y., Rezgui and J., Hippolyte and M., Mourshed},
	doi = {10.1201/9781315386904},
	editor = {Christodoulou, Symeon and Scherer, Raimar},
	isbn = {9781315386898},
	year = {2017},
	month = {mar 27},
	publisher = {CRC Press},
	title = {eWork and {eBusiness} in {Architecture}, {Engineering} and {Construction}: ECPPM 2016},
	url = {http://dx.doi.org/10.1201/9781315386904},
}


@article{Orfanoudakis2023Novel,
	author = {Orfanoudakis, Stavros and Chalkiadakis, Georgios},
	journal = {arXiv.org},
	doi = {10.48550/ARXIV.2307.08401},
	year = {2023},
	publisher = {arXiv},
	title = {A {Novel} {Multiagent} {Flexibility} {Aggregation} {Framework}},
	url = {https://arxiv.org/abs/2307.08401},
}


@article{Saxena2021distributed,
	author = {Saxena, Shivam and Farag, Hany E.Z. and El-Taweel, Nader},
	journal = {Electric Power Systems Research},
	doi = {10.1016/j.epsr.2021.107547},
	issn = {0378-7796},
	year = {2021},
	month = {12},
	pages = {107547},
	publisher = {Elsevier BV},
	title = {A distributed communication framework for smart {Grid} control applications based on data distribution service},
	url = {http://dx.doi.org/10.1016/j.epsr.2021.107547},
	volume = {201},
}


@inproceedings{Patsonakis2019Permissioned,
	author = {Patsonakis, Christos and Terzi, Sofia and Moschos, Ioannis and Ioannidis, Dimosthenis and Votis, Konstantinos and Tzovaras, Dimitrios},
	booktitle = {2019 {IEEE} {International} {Conference} on {Environment} and {Electrical} {Engineering} and 2019 {IEEE} {Industrial} and {Commercial} {Power} {Systems} {Europe} ({EEEIC} / {I}\&amp;{CPS} {Europe})},
	doi = {10.1109/eeeic.2019.8783521},
	year = {2019},
	month = {6},
	pages = {1--6},
	organization = {IEEE},
	title = {Permissioned {Blockchains} and {Virtual} {Nodes} for {Reinforcing} {Trust} {Between} {Aggregators} and {Prosumers} in {Energy} {Demand} {Response} {Scenarios}},
	url = {http://dx.doi.org/10.1109/EEEIC.2019.8783521},
}


@inproceedings{Mohammadi2020Connecting,
	author = {Mohammadi, Javad and Thornburg, Jesse},
	booktitle = {2020 19th {IEEE} {International} {Conference} on {Machine} {Learning} and {Applications} ({ICMLA})},
	doi = {10.1109/icmla51294.2020.00186},
	year = {2020},
	month = {12},
	pages = {1161--1166},
	organization = {IEEE},
	title = {Connecting {Distributed} {Pockets} of {Energy} {Flexibility} through {Federated} {Computations}: Limitations and {Possibilities}},
	url = {http://dx.doi.org/10.1109/ICMLA51294.2020.00186},
}


@inproceedings{von2017agent,
	author = {von Tullenburg, Ferdinand and Panholzer, Georg and Du, Jia Lei and Soares, Ana and Spiessens, Fred and Geysen, Davy and Ectors, Dominic},
	booktitle = {2017 {IEEE} {International} {Conference} on {Smart} {Grid} {Communications} ({SmartGridComm})},
	doi = {10.1109/smartgridcomm.2017.8340698},
	year = {2017},
	month = {10},
	organization = {IEEE},
	title = {An agent-based flexibility trading architecture with scalable and robust messaging},
	url = {http://dx.doi.org/10.1109/SmartGridComm.2017.8340698},
}


@article{Alhasnawi2021Novel,
	author = {Alhasnawi, Bilal Naji and Jasim, Basil H. and Rahman, Zain-Aldeen S. A. and Guerrero, Josep M. and Esteban, M. Dolores},
	journal = {International Journal of Environmental Research and Public Health},
	doi = {10.3390/ijerph18158146},
	issn = {1660-4601},
	number = {15},
	year = {2021},
	month = {jul 31},
	pages = {8146},
	publisher = {MDPI AG},
	title = {A {Novel} {Internet} of {Energy} {Based} {Optimal} {Multi}-{Agent} {Control} {Scheme} for {Microgrid} including {Renewable} {Energy} {Resources}},
	url = {http://dx.doi.org/10.3390/ijerph18158146},
	volume = {18},
}


@article{Schindler202128,
	author = {Schindler, Josef and Tellabi, Asmaa and Waedt, Karl},
	journal = {GI-Jahrestagung},
	doi = {10.18420/INF2020_33},
	year = {2021},
	publisher = {Gesellschaft f{\" u}r Informatik, Bonn},
	title = {28. {September} - 2. {Oktober} 2020},
	url = {http://dl.gi.de/handle/20.500.12116/34741},
}


@article{Prabawa2020Multi,
	author = {Prabawa, Panggah and Choi, Dae-Hyun},
	journal = {IEEE Access},
	doi = {10.1109/access.2020.2980544},
	issn = {2169-3536},
	year = {2020},
	pages = {51736--51752},
	publisher = {{Institute of Electrical and Electronics Engineers (IEEE)}},
	title = {Multi-{Agent} {Framework} for {Service} {Restoration} in {Distribution} {Systems} {With} {Distributed} {Generators} and {Static}/{Mobile} {Energy} {Storage} {Systems}},
	url = {http://dx.doi.org/10.1109/ACCESS.2020.2980544},
	volume = {8},
}


@article{Veith2017Universal,
	author = {Veith, Eric MSP},
	doi = {10.30819/4512},
	isbn = {9783832545123},
	year = {2017},
	month = {aug 30},
	publisher = {Logos Verlag Berlin},
	title = {Universal {Smart} {Grid} {Agent} for {Distributed} {Power} {Generation} {Management}},
	url = {http://dx.doi.org/10.30819/4512},
}


@inproceedings{Cintuglu2015Multiagent,
	author = {Cintuglu, Mehmet H. and Mohammed, Osama A.},
	booktitle = {2015 {IEEE} {International} {Conference} on {Smart} {Grid} {Communications} ({SmartGridComm})},
	doi = {10.1109/smartgridcomm.2015.7436334},
	year = {2015},
	month = {11},
	pages = {404--409},
	organization = {IEEE},
	title = {Multiagent-based decentralized operation of microgrids considering data interoperability},
	url = {http://dx.doi.org/10.1109/SmartGridComm.2015.7436334},
}


@article{Wang2021Hybrid,
	author = {Wang, Xiaodi and Liu, Youbo and Zhao, Junbo and Liu, Junyong},
	journal = {Journal of Modern Power Systems and Clean Energy},
	doi = {10.35833/mpce.2019.000090},
	issn = {2196-5625},
	number = {3},
	year = {2021},
	pages = {573--584},
	publisher = {{Journal of Modern Power Systems and Clean Energy}},
	title = {A {Hybrid} {Agent}-based {Model} {Predictive} {Control} {Scheme} for {Smart} {Community} {Energy} {System} with {Uncertain} {DGs} and {Loads}},
	url = {http://dx.doi.org/10.35833/MPCE.2019.000090},
	volume = {9},
}


@article{Aghamohammadi2024Decentralized,
	author = {Aghamohammadi, Farshid and Abbaspour, Ali and Saber, Hossein and Fattaheian-Dehkordi, Sajjad and Lehtonen, Matti},
	journal = {IEEE Systems Journal},
	doi = {10.1109/jsyst.2024.3369871},
	issn = {1932-8184},
	number = {2},
	year = {2024},
	month = {6},
	pages = {905--916},
	publisher = {{Institute of Electrical and Electronics Engineers (IEEE)}},
	title = {Decentralized {Energy} {Management} of {Multiagent} {Distribution} {Systems} {Considering} the {Grid} {Reliability} and {Agent} {Misbehavior}},
	url = {http://dx.doi.org/10.1109/JSYST.2024.3369871},
	volume = {18},
}


@inproceedings{Tsolakis2018Secured,
	author = {Tsolakis, Apostolos C. and Moschos, Ioannis and Votis, Konstantinos and Ioannidis, Dimosthenis and Dimitrios, Tzovaras and Pandey, Pankai and Katsikas, Sokratis and Kotsakis, Evangelos and Garcia-Castro, Raul},
	booktitle = {2018 {Innovations} in {Intelligent} {Systems} and {Applications} ({INISTA})},
	doi = {10.1109/inista.2018.8466303},
	year = {2018},
	month = {7},
	pages = {1--6},
	organization = {IEEE},
	title = {A {Secured} and {Trusted} {Demand} {Response} system based on {Blockchain} technologies},
	url = {http://dx.doi.org/10.1109/INISTA.2018.8466303},
}


@inproceedings{Nasri2014Application,
	author = {Nasri, Maryam and Ginn, Herbert L. and Moallem, Mehrdad},
	booktitle = {2014 {IEEE} {Energy} {Conversion} {Congress} and {Exposition} ({ECCE})},
	doi = {10.1109/ecce.2014.6953937},
	year = {2014},
	month = {9},
	pages = {3942--3949},
	organization = {IEEE},
	title = {Application of intelligent agent systems for real-time coordination of power converters ({RCPC}) in microgrids},
	url = {http://dx.doi.org/10.1109/ECCE.2014.6953937},
}


@techreport{Ding2022Federated,
	author = {Ding, Fei and Liu, Weijia and MacDonald, Jason and Ogle, James and Pratt, Annabelle and Saha, Avijit and Hagerman, Joe and Baggu, Murali},
	doi = {10.2172/1839591},
	year = {2022},
	month = {jan 6},
	institution = {{Office of Scientific and Technical Information (OSTI)}},
	title = {Federated {Architecture} for {Secure} and {Transactive} {Distributed} {Energy} {Resource} {Management} {Solutions} ({FAST}-{DERMS})},
	url = {http://dx.doi.org/10.2172/1839591},
}


@article{Karumba2022HARB,
	author = {Karumba, Samuel and Kanhere, Salil S. and Jurdak, Raja and Sethuvenkatraman, Subbu},
	journal = {IEEE Internet of Things Journal},
	doi = {10.1109/jiot.2020.3022045},
	issn = {2327-4662},
	number = {16},
	year = {2022},
	month = {aug 15},
	pages = {14216--14227},
	publisher = {{Institute of Electrical and Electronics Engineers (IEEE)}},
	title = {HARB: A {Hypergraph}-{Based} {Adaptive} {Consortium} {Blockchain} for {Decentralized} {Energy} {Trading}},
	url = {http://dx.doi.org/10.1109/jiot.2020.3022045},
	volume = {9},
}


@inproceedings{Liu2021Multi,
	author = {Liu, Mengxiang and Cheng, Zheyuan and Zhang, Zhenyong and Sun, Mingyang and Deng, Ruilong and Cheng, Peng and Chow, Mo- Yuen},
	booktitle = {2021 {IEEE} {Power} \&amp; {Energy} {Society} {General} {Meeting} ({PESGM})},
	doi = {10.1109/pesgm46819.2021.9638070},
	year = {2021},
	month = {jul 26},
	pages = {01--05},
	organization = {IEEE},
	title = {A {Multi}-{Agent} {System} {Based} {Hierarchical} {Control} {Framework} for {Microgrids}},
	url = {http://dx.doi.org/10.1109/PESGM46819.2021.9638070},
}


@article{Nasiri2024Secure,
	author = {Nasiri, Saeed and Seifi, Hossein and Delkhosh, Hamed},
	journal = {IEEE Transactions on Industrial Informatics},
	doi = {10.1109/tii.2023.3299385},
	issn = {1551-3203},
	number = {2},
	year = {2024},
	month = {2},
	pages = {3002--3014},
	publisher = {{Institute of Electrical and Electronics Engineers (IEEE)}},
	title = {A {Secure} {Power} {System} {Distributed} {State} {Estimation} via a {Consensus}-{Based} {Mechanism} and a {Cooperative} {Trust} {Management} {Strategy}},
	url = {http://dx.doi.org/10.1109/TII.2023.3299385},
	volume = {20},
}


@article{Wedde2010Intelligent,
	author = {Wedde, HF and Lehnhoff, S and Rehtanz, C and Krause, O},
	journal = {International Journal of Engineering, Science and Technology},
	doi = {10.4314/ijest.v2i3.64994},
	issn = {2141-2839},
	number = {3},
	year = {2010},
	month = {sep 7},
	publisher = {African Journals Online (AJOL)},
	title = {Intelligent {Agents} under {Collaborative} {Control} in {Emerging} {Power} {Systems}},
	url = {http://dx.doi.org/10.4314/IJEST.V2I3.64994},
	volume = {2},
}


@inproceedings{Kilthau2023Distributed,
	author = {Kilthau, Maximilian and Ansari, Daniel and Fay, Alexander},
	booktitle = {2023 {IEEE} {International} {Conference} on {Communications}, {Control}, and {Computing} {Technologies} for {Smart} {Grids} ({SmartGridComm})},
	doi = {10.1109/smartgridcomm57358.2023.10333916},
	year = {2023},
	month = {oct 31},
	pages = {1--6},
	organization = {IEEE},
	title = {Distributed {Topology} {Optimization} for {Agent}-based {Peer}-to-{Peer} {Energy} {Market}},
	url = {http://dx.doi.org/10.1109/SmartGridComm57358.2023.10333916},
}


@inproceedings{Saxena2018Design,
	author = {Saxena, Shivam and El-Taweel, Nader A. and Farag, Hany E. and Hilaire, Leigh St.},
	booktitle = {2018 {IEEE} {Electrical} {Power} and {Energy} {Conference} ({EPEC})},
	doi = {10.1109/epec.2018.8598367},
	year = {2018},
	month = {10},
	pages = {1--6},
	organization = {IEEE},
	title = {Design and {Field} {Implementation} of a {Multi}-{Agent} {System} for {Voltage} {Regulation} {Using} {Smart} {Inverters} and {Data} {Distribution} {Service} ({DDS})},
	url = {http://dx.doi.org/10.1109/EPEC.2018.8598367},
}

