@article{zhang2021survey,
  title={A survey on federated learning},
  author={Zhang, Chen and Xie, Yu and Bai, Hang and Yu, Bin and Li, Weihong and Gao, Yuan},
  journal={Knowledge-Based Systems},
  volume={216},
  pages={106775},
  year={2021},
  publisher={Elsevier}
}

@inproceedings{kour2014real,
  title={Real-time segmentation of on-line handwritten arabic script},
  author={Kour, George and Saabne, Raid},
  booktitle={Frontiers in Handwriting Recognition (ICFHR), 2014 14th International Conference on},
  pages={417--422},
  year={2014},
  organization={IEEE}
}

@inproceedings{kour2014fast,
  title={Fast classification of handwritten on-line Arabic characters},
  author={Kour, George and Saabne, Raid},
  booktitle={Soft Computing and Pattern Recognition (SoCPaR), 2014 6th International Conference of},
  pages={312--318},
  year={2014},
  organization={IEEE},
  doi={10.1109/SOCPAR.2014.7008025}
}

@article{hadash2018estimate,
  title={Estimate and Replace: A Novel Approach to Integrating Deep Neural Networks with Existing Applications},
  author={Hadash, Guy and Kermany, Einat and Carmeli, Boaz and Lavi, Ofer and Kour, George and Jacovi, Alon},
  journal={arXiv preprint arXiv:1804.09028},
  year={2018}
}


@misc{liu2025advanceschallengesfoundationagents,
      title={Advances and Challenges in Foundation Agents: From Brain-Inspired Intelligence to Evolutionary, Collaborative, and Safe Systems}, 
      author={Bang Liu and Xinfeng Li and Jiayi Zhang and Jinlin Wang and Tanjin He and Sirui Hong and Hongzhang Liu and Shaokun Zhang and Kaitao Song and Kunlun Zhu and Yuheng Cheng and Suyuchen Wang and Xiaoqiang Wang and Yuyu Luo and Haibo Jin and Peiyan Zhang and Ollie Liu and Jiaqi Chen and Huan Zhang and Zhaoyang Yu and Haochen Shi and Boyan Li and Dekun Wu and Fengwei Teng and Xiaojun Jia and Jiawei Xu and Jinyu Xiang and Yizhang Lin and Tianming Liu and Tongliang Liu and Yu Su and Huan Sun and Glen Berseth and Jianyun Nie and Ian Foster and Logan Ward and Qingyun Wu and Yu Gu and Mingchen Zhuge and Xiangru Tang and Haohan Wang and Jiaxuan You and Chi Wang and Jian Pei and Qiang Yang and Xiaoliang Qi and Chenglin Wu},
      year={2025},
      eprint={2504.01990},
      archivePrefix={arXiv},
      primaryClass={cs.AI},
      url={https://arxiv.org/abs/2504.01990}, 
}



@article{Qu_2025,
   title={Tool learning with large language models: a survey},
   volume={19},
   ISSN={2095-2236},
   url={http://dx.doi.org/10.1007/s11704-024-40678-2},
   DOI={10.1007/s11704-024-40678-2},
   number={8},
   journal={Frontiers of Computer Science},
   publisher={Springer Science and Business Media LLC},
   author={Qu, Changle and Dai, Sunhao and Wei, Xiaochi and Cai, Hengyi and Wang, Shuaiqiang and Yin, Dawei and Xu, Jun and Wen, Ji-rong},
   year={2025},
   month=jan }




@misc{schick2023toolformerlanguagemodelsteach,
      title={Toolformer: Language Models Can Teach Themselves to Use Tools}, 
      author={Timo Schick and Jane Dwivedi-Yu and Roberto Dessì and Roberta Raileanu and Maria Lomeli and Luke Zettlemoyer and Nicola Cancedda and Thomas Scialom},
      year={2023},
      eprint={2302.04761},
      archivePrefix={arXiv},
      primaryClass={cs.CL},
      url={https://arxiv.org/abs/2302.04761}, 
}


@misc{liu2024apigenautomatedpipelinegenerating,
      title={APIGen: Automated Pipeline for Generating Verifiable and Diverse Function-Calling Datasets}, 
      author={Zuxin Liu and Thai Hoang and Jianguo Zhang and Ming Zhu and Tian Lan and Shirley Kokane and Juntao Tan and Weiran Yao and Zhiwei Liu and Yihao Feng and Rithesh Murthy and Liangwei Yang and Silvio Savarese and Juan Carlos Niebles and Huan Wang and Shelby Heinecke and Caiming Xiong},
      year={2024},
      eprint={2406.18518},
      archivePrefix={arXiv},
      primaryClass={cs.CL},
      url={https://arxiv.org/abs/2406.18518}, 
}


@misc{anthropic2025,
  author = {Anthropic},
  title = {Model Context Protocol},
  year = {2024},
  url = {https://www.anthropic.com/news/model-context-protocol},
  note = {Accessed: 2025-04-19}
}

@misc{anp2024,
  author = {Gaowei Chang},
  title = {ANP: Agent Network Protocol},
  year = {2024},
  url = {https://www.agent-network-protocol.com/},
  note = {Accessed: 2025-04-21}
}

@misc{a2a2025,
  author = {Google},
  title = {A2A: Agent2Agent Protocol},
  year = {2025},
  url = {https://github.com/google/A2A},
  note = {Accessed: 2025-04-21}
}

@misc{aitp,
  author = {NEAR},
  title = {AITP: Agent Interaction \& Transaction Protocol},
  year = {2025},
  url = {https://aitp.dev/},
  note = {Accessed: 2025-04-22}
}

@misc{agentconnectptl,
  author = {Cisco, Langchain, Galileo},
  title = {ACP: Agent Connect Protocol},
  year = {2025},
  url = {https://spec.acp.agntcy.org/},
  note = {Accessed: 2025-04-22}
}

@misc{agentcommunicationptl,
  author = {Linux Foundation Al and Data, LBM},
  title = {ACP: Agent Communication Protocol},
  year = {2025},
  url = {https://github.com/orgs/i-am-bee/discussions/284},
  note = {Accessed: 2025-04-22}
}


@misc{marro2024scalablecommunicationprotocolnetworks,
      title={A Scalable Communication Protocol for Networks of Large Language Models}, 
      author={Samuele Marro and Emanuele La Malfa and Jesse Wright and Guohao Li and Nigel Shadbolt and Michael Wooldridge and Philip Torr},
      year={2024},
      eprint={2410.11905},
      archivePrefix={arXiv},
      primaryClass={cs.AI},
      url={https://arxiv.org/abs/2410.11905}, 
}


@book{gilbert2019agent,
  title={Agent-based models},
  author={Gilbert, Nigel},
  year={2019},
  publisher={Sage Publications}
}


@book{wooldridge2009introduction,
  title={An introduction to multiagent systems},
  author={Wooldridge, Michael},
  year={2009},
  publisher={John wiley \& sons}
}

@article{wei2022chain,
  title={Chain-of-thought prompting elicits reasoning in large language models},
  author={Wei, Jason and Wang, Xuezhi and Schuurmans, Dale and Bosma, Maarten and Xia, Fei and Chi, Ed and Le, Quoc V and Zhou, Denny and others},
  journal={Advances in neural information processing systems},
  volume={35},
  pages={24824--24837},
  year={2022}
}


@misc{collins2022structuredflexiblerobustbenchmarking,
      title={Structured, flexible, and robust: benchmarking and improving large language models towards more human-like behavior in out-of-distribution reasoning tasks}, 
      author={Katherine M. Collins and Catherine Wong and Jiahai Feng and Megan Wei and Joshua B. Tenenbaum},
      year={2022},
      eprint={2205.05718},
      archivePrefix={arXiv},
      primaryClass={cs.CL},
      url={https://arxiv.org/abs/2205.05718}, 
}


@article{pyatkin2022reinforced,
  title={Reinforced clarification question generation with defeasibility rewards for disambiguating social and moral situations},
  author={Pyatkin, Valentina and Hwang, Jena D and Srikumar, Vivek and Lu, Ximing and Jiang, Liwei and Choi, Yejin and Bhagavatula, Chandra},
  journal={arXiv preprint arXiv:2212.10409},
  year={2022}
}


@article{zhong2023study,
  title={A study on robustness and reliability of large language model code generation},
  author={Zhong, Li and Wang, Zilong},
  journal={arXiv preprint arXiv:2308.10335},
  volume={2},
  year={2023}
}


@article{hu2022lora,
  title={Lora: Low-rank adaptation of large language models.},
  author={Hu, Edward J and Shen, Yelong and Wallis, Phillip and Allen-Zhu, Zeyuan and Li, Yuanzhi and Wang, Shean and Wang, Lu and Chen, Weizhu and others},
  journal={ICLR},
  volume={1},
  number={2},
  pages={3},
  year={2022}
}

@article{dorri2018multi,
  title={Multi-agent systems: A survey},
  author={Dorri, Ali and Kanhere, Salil S and Jurdak, Raja},
  journal={Ieee Access},
  volume={6},
  pages={28573--28593},
  year={2018},
  publisher={IEEE}
}

@article{stone2000multiagent,
  title={Multiagent systems: A survey from a machine learning perspective},
  author={Stone, Peter and Veloso, Manuela},
  journal={Autonomous Robots},
  volume={8},
  pages={345--383},
  year={2000},
  publisher={Springer}
}


@misc{srinivasan2024implementationapplicationintelligibilityprotocol,
      title={Implementation and Application of an Intelligibility Protocol for Interaction with an LLM}, 
      author={Ashwin Srinivasan and Karan Bania and Shreyas V and Harshvardhan Mestha and Sidong Liu},
      year={2024},
      eprint={2410.20600},
      archivePrefix={arXiv},
      primaryClass={cs.AI},
      url={https://arxiv.org/abs/2410.20600}, 
}

@misc{borghoff2025humanartificialinteractionageagentic,
      title={Human-Artificial Interaction in the Age of Agentic AI: A System-Theoretical Approach}, 
      author={Uwe M. Borghoff and Paolo Bottoni and Remo Pareschi},
      year={2025},
      eprint={2502.14000},
      archivePrefix={arXiv},
      primaryClass={cs.MA},
      url={https://arxiv.org/abs/2502.14000}, 
}




@misc{ranjan2025lokaprotocoldecentralizedframework,
      title={LOKA Protocol: A Decentralized Framework for Trustworthy and Ethical AI Agent Ecosystems}, 
      author={Rajesh Ranjan and Shailja Gupta and Surya Narayan Singh},
      year={2025},
      eprint={2504.10915},
      archivePrefix={arXiv},
      primaryClass={cs.MA},
      url={https://arxiv.org/abs/2504.10915}, 
}


@misc{bae2025continuouslocomotivecrowdbehavior,
      title={Continuous Locomotive Crowd Behavior Generation}, 
      author={Inhwan Bae and Junoh Lee and Hae-Gon Jeon},
      year={2025},
      eprint={2504.04756},
      archivePrefix={arXiv},
      primaryClass={cs.CV},
      url={https://arxiv.org/abs/2504.04756}, 
}

@misc{gąsieniec2024anonymousdistributedlocalisationspatial,
      title={Anonymous Distributed Localisation via Spatial Population Protocols}, 
      author={Leszek Gąsieniec and Łukasz Kuszner and Ehsan Latif and Ramviyas Parasuraman and Paul Spirakis and Grzegorz Stachowiak},
      year={2024},
      eprint={2411.08434},
      archivePrefix={arXiv},
      primaryClass={cs.DC},
      url={https://arxiv.org/abs/2411.08434}, 
}


@misc{yang2025agentnetdecentralizedevolutionarycoordination,
      title={AgentNet: Decentralized Evolutionary Coordination for LLM-based Multi-Agent Systems}, 
      author={Yingxuan Yang and Huacan Chai and Shuai Shao and Yuanyi Song and Siyuan Qi and Renting Rui and Weinan Zhang},
      year={2025},
      eprint={2504.00587},
      archivePrefix={arXiv},
      primaryClass={cs.MA},
      url={https://arxiv.org/abs/2504.00587}, 
}

@misc{zhou2024tradenhancingllmagents,
      title={TRAD: Enhancing LLM Agents with Step-Wise Thought Retrieval and Aligned Decision}, 
      author={Ruiwen Zhou and Yingxuan Yang and Muning Wen and Ying Wen and Wenhao Wang and Chunling Xi and Guoqiang Xu and Yong Yu and Weinan Zhang},
      year={2024},
      eprint={2403.06221},
      archivePrefix={arXiv},
      primaryClass={cs.AI},
      url={https://arxiv.org/abs/2403.06221}, 
}

@misc{yang2025whosmvpgametheoreticevaluation,
      title={Who's the MVP? A Game-Theoretic Evaluation Benchmark for Modular Attribution in LLM Agents}, 
      author={Yingxuan Yang and Bo Huang and Siyuan Qi and Chao Feng and Haoyi Hu and Yuxuan Zhu and Jinbo Hu and Haoran Zhao and Ziyi He and Xiao Liu and Zongyu Wang and Lin Qiu and Xuezhi Cao and Xunliang Cai and Yong Yu and Weinan Zhang},
      year={2025},
      eprint={2502.00510},
      archivePrefix={arXiv},
      primaryClass={cs.AI},
      url={https://arxiv.org/abs/2502.00510}, 
}

@misc{yang2024p3policydrivenpaceadaptivediversitypromoted,
      title={P3: A Policy-Driven, Pace-Adaptive, and Diversity-Promoted Framework for data pruning in LLM Training}, 
      author={Yingxuan Yang and Huayi Wang and Muning Wen and Xiaoyun Mo and Qiuying Peng and Jun Wang and Weinan Zhang},
      year={2024},
      eprint={2408.05541},
      archivePrefix={arXiv},
      primaryClass={cs.CL},
      url={https://arxiv.org/abs/2408.05541}, 
}

@misc{yang2024llmbasedmultiagentsystemstechniques,
      title={LLM-based Multi-Agent Systems: Techniques and Business Perspectives}, 
      author={Yingxuan Yang and Qiuying Peng and Jun Wang and Ying Wen and Weinan Zhang},
      year={2024},
      eprint={2411.14033},
      archivePrefix={arXiv},
      primaryClass={cs.AI},
      url={https://arxiv.org/abs/2411.14033}, 
}

@misc{yang2024p3policydrivenpaceadaptivediversitypromoted,
      title={P3: A Policy-Driven, Pace-Adaptive, and Diversity-Promoted Framework for data pruning in LLM Training}, 
      author={Yingxuan Yang and Huayi Wang and Muning Wen and Xiaoyun Mo and Qiuying Peng and Jun Wang and Weinan Zhang},
      year={2024},
      eprint={2408.05541},
      archivePrefix={arXiv},
      primaryClass={cs.CL},
      url={https://arxiv.org/abs/2408.05541}, 
}

@article{autoGen,
  title={Autogen: Enabling next-gen llm applications via multi-agent conversation framework},
  author={Wu, Qingyun and Bansal, Gagan and Zhang, Jieyu and Wu, Yiran and Zhang, Shaokun and Zhu, Erkang and Li, Beibin and Jiang, Li and Zhang, Xiaoyun and Wang, Chi},
  journal={arXiv preprint arXiv:2308.08155},
  volume={3},
  number={4},
  year={2023}
}

@article{hong2023metagpt,
  title={Metagpt: Meta programming for multi-agent collaborative framework},
  author={Hong, Sirui and Zheng, Xiawu and Chen, Jonathan and Cheng, Yuheng and Wang, Jinlin and Zhang, Ceyao and Wang, Zili and Yau, Steven Ka Shing and Lin, Zijuan and Zhou, Liyang and others},
  journal={arXiv preprint arXiv:2308.00352},
  volume={3},
  number={4},
  pages={6},
  year={2023}
}


@misc{openai2024gpt4technicalreport,
      title={GPT-4 Technical Report}, 
      author={OpenAI and Josh Achiam and Steven Adler and Sandhini Agarwal and others},
      year={2024},
      eprint={2303.08774},
      archivePrefix={arXiv},
      primaryClass={cs.CL},
      url={https://arxiv.org/abs/2303.08774}, 
}

@misc{touvron2023llama2openfoundation,
      title={Llama 2: Open Foundation and Fine-Tuned Chat Models}, 
      author={Hugo Touvron and Louis Martin and Kevin Stone and others},
      year={2023},
      eprint={2307.09288},
      archivePrefix={arXiv},
      primaryClass={cs.CL},
      url={https://arxiv.org/abs/2307.09288}, 
}

@misc{gottweis2025aicoscientist,
      title={Towards an AI co-scientist}, 
      author={Juraj Gottweis and Wei-Hung Weng and Alexander Daryin and Tao Tu and Anil Palepu and Petar Sirkovic and Artiom Myaskovsky and Felix Weissenberger and Keran Rong and Ryutaro Tanno and Khaled Saab and Dan Popovici and Jacob Blum and Fan Zhang and Katherine Chou and Avinatan Hassidim and Burak Gokturk and Amin Vahdat and Pushmeet Kohli and Yossi Matias and Andrew Carroll and Kavita Kulkarni and Nenad Tomasev and Yuan Guan and Vikram Dhillon and Eeshit Dhaval Vaishnav and Byron Lee and Tiago R D Costa and José R Penadés and Gary Peltz and Yunhan Xu and Annalisa Pawlosky and Alan Karthikesalingam and Vivek Natarajan},
      year={2025},
      eprint={2502.18864},
      archivePrefix={arXiv},
      primaryClass={cs.AI},
      url={https://arxiv.org/abs/2502.18864}, 
}

@article{zhang2024agentic,
  title={Agentic information retrieval},
  author={Zhang, Weinan and Liao, Junwei and Li, Ning and Du, Kounianhua and Lin, Jianghao},
  journal={arXiv preprint arXiv:2410.09713},
  year={2024}
}

@inproceedings{Guo2024LargeLM,
  title={Large Language Model based Multi-Agents: A Survey of Progress and Challenges},
  author={Taicheng Guo and Xiuying Chen and Yaqi Wang and Ruidi Chang and Shichao Pei and N. Chawla and Olaf Wiest and Xiangliang Zhang},
  booktitle={International Joint Conference on Artificial Intelligence},
  year={2024},
  url={https://api.semanticscholar.org/CorpusID:267412980}
}


@article{caffagni2024r,
  title={The (r) evolution of multimodal large language models: A survey},
  author={Caffagni, Davide and Cocchi, Federico and Barsellotti, Luca and Moratelli, Nicholas and Sarto, Sara and Baraldi, Lorenzo and Cornia, Marcella and Cucchiara, Rita},
  journal={arXiv preprint arXiv:2402.12451},
  year={2024}
}

@article{chen2024internet,
  title={Internet of agents: Weaving a web of heterogeneous agents for collaborative intelligence},
  author={Chen, Weize and You, Ziming and Li, Ran and Guan, Yitong and Qian, Chen and Zhao, Chenyang and Yang, Cheng and Xie, Ruobing and Liu, Zhiyuan and Sun, Maosong},
  journal={arXiv preprint arXiv:2407.07061},
  year={2024}
}

@misc{Multi-Agent-as-a-Service,
    author = {Saman Rajaei},
    year = {2024},
    title = {Multi-Agent-as-a-Service — A Senior Engineer’s Overview},
    howpublished = {\url{https://medium.com/data-science/multi-agent-as-a-service-a-senior-engineers-overview-fc759f5bbcfa}}    
}

@misc{patil2023gorillalargelanguagemodel,
      title={Gorilla: Large Language Model Connected with Massive APIs}, 
      author={Shishir G. Patil and Tianjun Zhang and Xin Wang and Joseph E. Gonzalez},
      year={2023},
      eprint={2305.15334},
      archivePrefix={arXiv},
      primaryClass={cs.CL},
      url={https://arxiv.org/abs/2305.15334}, 
}


@misc{lmos2025,
  author       = {Eclipse},
  title        = {Language Model Operating System (LMOS)},
  howpublished = {\url{https://eclipse.dev/lmos/}},
  note         = {Accessed: 2025-04-22},
  year = {2025}
}

@misc{agentsjson2025,
  author       = {WildCardAI},
  title        = {agents.json Specification},
  howpublished = {\url{https://github.com/wild-card-ai/agents-json}},
  note         = {Accessed: 2025-04-22},
  year = {2025}
}

@article{jaech2024openai,
  title={Openai o1 system card},
  author={Jaech, Aaron and Kalai, Adam and Lerer, Adam and Richardson, Adam and El-Kishky, Ahmed and Low, Aiden and Helyar, Alec and Madry, Aleksander and Beutel, Alex and Carney, Alex and others},
  journal={arXiv preprint arXiv:2412.16720},
  year={2024}
}

@misc{agentprotocol2025,
  author       = {AlEngineerFoundation},
  title        = {Agent Protocol},
  howpublished = {\url{https://agentprotocol.ai/}},
  note         = {Accessed: 2025-04-22},
  year = {2025}
}

@article{liu2022multi,
  title={Multi-agent reinforcement learning-based coordinated dynamic task allocation for heterogenous UAVs},
  author={Liu, Da and Dou, Liqian and Zhang, Ruilong and Zhang, Xiuyun and Zong, Qun},
  journal={IEEE Transactions on Vehicular Technology},
  volume={72},
  number={4},
  pages={4372--4383},
  year={2022},
  publisher={IEEE}
}

@misc{jiang2018lowlatencynetworkinglatencylurks,
      title={Low-latency Networking: Where Latency Lurks and How to Tame It}, 
      author={Xiaolin Jiang and Hossein S. Ghadikolaei and Gabor Fodor and Eytan Modiano and Zhibo Pang and Michele Zorzi and Carlo Fischione},
      year={2018},
      eprint={1808.02079},
      archivePrefix={arXiv},
      primaryClass={eess.SP},
      url={https://arxiv.org/abs/1808.02079}, 
}

@techreport{fuller1993classless,
    author = {Fuller, V. and Li, T.},
    publisher = {RFC Editor},
    title={Classless inter-domain routing (CIDR): an address assignment and aggregation strategy},
    year={1993}
}


@article{brown2020language,
  title={Language models are few-shot learners},
  author={Brown, Tom B and Mann, Benjamin and Ryder, Nick and others},
  journal={Advances in Neural Information Processing Systems},
  volume={33},
  pages={1877--1901},
  year={2020}
}

@article{touvron2023llama,
  title={LLaMA: Open and efficient foundation language models},
  author={Touvron, Hugo and Lavril, Thibaut and Izacard, Gautier and others},
  journal={arXiv preprint arXiv:2302.13971},
  year={2023}
}

@article{yao2022react,
  title={ReAct: Synergizing reasoning and acting in language models},
  author={Yao, Shinnung and others},
  journal={arXiv preprint arXiv:2210.03629},
  year={2022}
}

@misc{yin2024mmauholisticbenchmarkagent,
      title={MMAU: A Holistic Benchmark of Agent Capabilities Across Diverse Domains}, 
      author={Guoli Yin and Haoping Bai and Shuang Ma and Feng Nan and Yanchao Sun and Zhaoyang Xu and Shen Ma and Jiarui Lu and Xiang Kong and Aonan Zhang and Dian Ang Yap and Yizhe zhang and Karsten Ahnert and Vik Kamath and Mathias Berglund and Dominic Walsh and Tobias Gindele and Juergen Wiest and Zhengfeng Lai and Xiaoming Wang and Jiulong Shan and Meng Cao and Ruoming Pang and Zirui Wang},
      year={2024},
      eprint={2407.18961},
      archivePrefix={arXiv},
      primaryClass={cs.AI},
      url={https://arxiv.org/abs/2407.18961}, 
}

@article{lin2025can,
  title={How can recommender systems benefit from large language models: A survey},
  author={Lin, Jianghao and Dai, Xinyi and Xi, Yunjia and Liu, Weiwen and Chen, Bo and Zhang, Hao and Liu, Yong and Wu, Chuhan and Li, Xiangyang and Zhu, Chenxu and others},
  journal={ACM Transactions on Information Systems},
  volume={43},
  number={2},
  pages={1--47},
  year={2025},
  publisher={ACM New York, NY}
}

@misc{guo2024stabletoolbench,
      title={StableToolBench: Towards Stable Large-Scale Benchmarking on Tool Learning of Large Language Models},
      author={Guo, Zhicheng and Cheng, Sijie and Wang, Hao and Liang, Shihao and Qin, Yujia and Li, Peng and Liu, Zhiyuan and Sun, Maosong and Liu, Yang},
      year={2024},
      eprint={2403.07714},
      archivePrefix={arXiv},
      primaryClass={cs.CL}
}



@article{li2023camel,
title={CAMEL: Communicative Agents for Mind Extraction from Large Scale Language Model Society},
author={Li, Guohao and Hammoud, Hasan and Itani, Hani and Khizbullin, Dmitrii and Ghanem, Bernard},
journal={arXiv preprint arXiv:2303.17760},
year={2023}
}
@article{hong2024metagpt,
title={MetaGPT: Meta Programming for Multi-Agent Collaborative Framework},
author={Hong, Sirui and Wang, Xiawu and Yang, Mingyu and Guo, Jiale and Chen, Di and Li, Bingchen},
journal={arXiv preprint arXiv:2401.03066},
year={2024}
}
@article{autogpt,
title={AutoGPT: An Autonomous GPT-4 Experiment},
author={Tang, Tao and Li, Zhihui and Chen, Jiangjie and Lin, Mingyu and Zhang, Wei},
journal={arXiv preprint arXiv:2308.08155},
year={2023}
}
@article{shen2023hugginggpt,
title={HuggingGPT: Solving AI Tasks with ChatGPT and its Friends in HuggingFace},
author={Shen, Yongliang and Song, Kaitao and Tan, Xu and Li, Dongsheng and Lu, Weiming and Zhuang, Yueting},
journal={arXiv preprint arXiv:2303.17580},
year={2023}
}


@article{wang2023toolllm,
title={ToolLLM: Facilitating Large Language Models to Master 16000+ Real-World APIs},
author={Wang, Yujia and Qin, Yusheng and Li, Haozhe and Zhang, Guan and Li, Xin and others},
journal={arXiv preprint arXiv:2307.16789},
year={2023}
}


@article{Yin_2024,
   title={A survey on multimodal large language models},
   volume={11},
   ISSN={2053-714X},
   url={http://dx.doi.org/10.1093/nsr/nwae403},
   DOI={10.1093/nsr/nwae403},
   number={12},
   journal={National Science Review},
   publisher={Oxford University Press (OUP)},
   author={Yin, Shukang and Fu, Chaoyou and Zhao, Sirui and Li, Ke and Sun, Xing and Xu, Tong and Chen, Enhong},
   year={2024},
   month=nov }


@misc{zhao2025surveylargelanguagemodels,
      title={A Survey of Large Language Models}, 
      author={Wayne Xin Zhao and Kun Zhou and Junyi Li and Tianyi Tang and Xiaolei Wang and Yupeng Hou and Yingqian Min and Beichen Zhang and Junjie Zhang and Zican Dong and Yifan Du and Chen Yang and Yushuo Chen and Zhipeng Chen and Jinhao Jiang and Ruiyang Ren and Yifan Li and Xinyu Tang and Zikang Liu and Peiyu Liu and Jian-Yun Nie and Ji-Rong Wen},
      year={2025},
      eprint={2303.18223},
      archivePrefix={arXiv},
      primaryClass={cs.CL},
      url={https://arxiv.org/abs/2303.18223}, 
}

@misc{zhang2024surveymemorymechanismlarge,
      title={A Survey on the Memory Mechanism of Large Language Model based Agents}, 
      author={Zeyu Zhang and Xiaohe Bo and Chen Ma and Rui Li and Xu Chen and Quanyu Dai and Jieming Zhu and Zhenhua Dong and Ji-Rong Wen},
      year={2024},
      eprint={2404.13501},
      archivePrefix={arXiv},
      primaryClass={cs.AI},
      url={https://arxiv.org/abs/2404.13501}, 
}

@misc{zhu2024largelanguagemodelsinformation,
      title={Large Language Models for Information Retrieval: A Survey}, 
      author={Yutao Zhu and Huaying Yuan and Shuting Wang and Jiongnan Liu and Wenhan Liu and Chenlong Deng and Haonan Chen and Zheng Liu and Zhicheng Dou and Ji-Rong Wen},
      year={2024},
      eprint={2308.07107},
      archivePrefix={arXiv},
      primaryClass={cs.CL},
      url={https://arxiv.org/abs/2308.07107}, 
}


@article{liu2023agentbench,
title={AgentBench: Evaluating LLMs as Agents},
author={Liu, Xiao and Zhou, Hao and Zhang, Zhiheng and Peng, Dian and others},
journal={arXiv preprint arXiv:2308.03688},
year={2023}
}


@misc{microsoft2024agents,
  author = {{VentureBeat}},
  title = {Microsoft's 10 new AI agents strengthen its enterprise automation lead},
  howpublished = {\url{https://venturebeat.com/ai/microsofts-10-new-ai-agents-strengthen-its-enterprise-automation-lead/}},
  year = {2024},
  note = {Accessed: 2024-04-23}
}


@misc{ibm2024agent,
  author = {{IBM Newsroom}},
  title = {IBM introduces new AI Integration Services to help enterprises build and scale AI},
  howpublished = {\url{https://newsroom.ibm.com/blog-ibm-introduces-new-ai-integration-services-to-help-enterprises-build-and-scale-ai}},
  year = {2024},
  note = {Accessed: 2024-04-23}
}

@misc{trustedby2024coze,
  author = {{TrustedBy.ai}},
  title = {Comparing 9 AI Agent Development Platforms: Dify, Coze, Adept, Kognitos, Flowise, Articul8, Stack AI},
  howpublished = {\url{https://trustedby.ai/blog/comparing-9-ai-agent-development-platforms-dify-coze-adept-kognitos-flowise-articul8-stack-ai}},
  year = {2024},
  note = {Accessed: 2024-04-23}
} 




@misc{openai2024reasoning,
  author = {{OpenAI}},
  title = {Learning to reason with LLMs},
  howpublished = {\url{https://openai.com/index/learning-to-reason-with-llms/}},
  year = {2024},
  note = {Accessed: 2024-04-23}
}

@misc{metagpt2023multiagent,
  author = {Hong, Siru and others},
  title = {MetaGPT: Meta Programming for Multi-Agent Collaborative Framework},
  howpublished = {arXiv preprint arXiv:2308.00352},
  year = {2023},
  url = {https://arxiv.org/abs/2308.00352},
  note = {Accessed: 2024-04-23}
}

@misc{langchain2024langgraph,
  author = {{LangChain}},
  title = {LangGraph: Building Graph-based Agent Workflows},
  howpublished = {\url{https://www.langchain.com/langgraph}},
  year = {2024},
  note = {Accessed: 2024-04-23}
}

@misc{microsoft2024semantic,
  author = {{Microsoft Learn}},
  title = {Semantic Kernel Agent Framework},
  howpublished = {\url{https://learn.microsoft.com/en-us/semantic-kernel/frameworks/agent/}},
  year = {2024},
  note = {Accessed: 2024-04-23}
}


@misc{AgoraProtocol2024,
  title        = {Agora Protocol},
  howpublished = {\url{https://agoraprotocol.org/}},
  year         = {2024},
  note         = {Accessed: 2025-05-01}
}
