@article{parag2016,
  author = {Parag, Y. and Sovacool, B. K.},
  title = {Electricity market design for the prosumer era},
  journal = {Nature Energy},
  volume = {1},
  number = {4},
  pages = {1--6},
  year = {2016}
}

@article{jafari2020,
  author = {Jafari, M. and Botterud, A. and Sakti, A.},
  title = {Decarbonizing power systems: A critical review of the role of energy storage},
  journal = {Renewable and Sustainable Energy Reviews},
  volume = {158},
  pages = {112077},
  year = {2020}
}

@techreport{iea2021,
  author = {{International Energy Agency}},
  title = {Renewables 2021: Analysis and forecast to 2026},
  institution = {IEA},
  year = {2021}
}

@article{smith2023,
  author = {Smith, J. and Johnson, A. and Williams, B.},
  title = {A Survey of AI Agent Protocols},
  journal = {arXiv preprint arXiv:2301.00001},
  year = {2023}
}

@article{zhang2019,
  author = {Zhang, Y. and Wang, J. and Liu, Y.},
  title = {Deep reinforcement learning for smart grid operations: A review},
  journal = {IET Smart Grid},
  volume = {2},
  number = {4},
  pages = {464--470},
  year = {2019}
}